%YAML 1.1
%TAG !u! tag:unity3d.com,2011:
--- !u!29 &1
OcclusionCullingSettings:
  m_ObjectHideFlags: 0
  serializedVersion: 2
  m_OcclusionBakeSettings:
    smallestOccluder: 5
    smallestHole: 0.25
    backfaceThreshold: 100
  m_SceneGUID: 00000000000000000000000000000000
  m_OcclusionCullingData: {fileID: 0}
--- !u!104 &2
RenderSettings:
  m_ObjectHideFlags: 0
  serializedVersion: 9
  m_Fog: 0
  m_FogColor: {r: 0.5, g: 0.5, b: 0.5, a: 1}
  m_FogMode: 3
  m_FogDensity: 0.01
  m_LinearFogStart: 0
  m_LinearFogEnd: 300
  m_AmbientSkyColor: {r: 0.25724483, g: 0.45574072, b: 0.5735294, a: 1}
  m_AmbientEquatorColor: {r: 0.25724483, g: 0.45574072, b: 0.5735294, a: 1}
  m_AmbientGroundColor: {r: 0.25724483, g: 0.45574072, b: 0.5735294, a: 1}
  m_AmbientIntensity: 1
  m_AmbientMode: 3
  m_SubtractiveShadowColor: {r: 0.42, g: 0.478, b: 0.627, a: 1}
  m_SkyboxMaterial: {fileID: 0}
  m_HaloStrength: 0.5
  m_FlareStrength: 1
  m_FlareFadeSpeed: 3
  m_HaloTexture: {fileID: 0}
  m_SpotCookie: {fileID: 10001, guid: 0000000000000000e000000000000000, type: 0}
  m_DefaultReflectionMode: 0
  m_DefaultReflectionResolution: 128
  m_ReflectionBounces: 1
  m_ReflectionIntensity: 1
  m_CustomReflection: {fileID: 0}
  m_Sun: {fileID: 0}
  m_IndirectSpecularColor: {r: 0, g: 0, b: 0, a: 1}
  m_UseRadianceAmbientProbe: 0
--- !u!157 &4
LightmapSettings:
  m_ObjectHideFlags: 0
  serializedVersion: 11
  m_GIWorkflowMode: 1
  m_GISettings:
    serializedVersion: 2
    m_BounceScale: 1
    m_IndirectOutputScale: 1
    m_AlbedoBoost: 1
    m_TemporalCoherenceThreshold: 1
    m_EnvironmentLightingMode: 0
    m_EnableBakedLightmaps: 1
    m_EnableRealtimeLightmaps: 0
  m_LightmapEditorSettings:
    serializedVersion: 10
    m_Resolution: 1
    m_BakeResolution: 50
    m_AtlasSize: 1024
    m_AO: 1
    m_AOMaxDistance: 1
    m_CompAOExponent: 1
    m_CompAOExponentDirect: 0
    m_Padding: 2
    m_LightmapParameters: {fileID: 0}
    m_LightmapsBakeMode: 1
    m_TextureCompression: 0
    m_FinalGather: 0
    m_FinalGatherFiltering: 1
    m_FinalGatherRayCount: 256
    m_ReflectionCompression: 2
    m_MixedBakeMode: 1
    m_BakeBackend: 0
    m_PVRSampling: 1
    m_PVRDirectSampleCount: 32
    m_PVRSampleCount: 500
    m_PVRBounces: 2
    m_PVRFilterTypeDirect: 0
    m_PVRFilterTypeIndirect: 0
    m_PVRFilterTypeAO: 0
    m_PVRFilteringMode: 0
    m_PVRCulling: 1
    m_PVRFilteringGaussRadiusDirect: 1
    m_PVRFilteringGaussRadiusIndirect: 5
    m_PVRFilteringGaussRadiusAO: 2
    m_PVRFilteringAtrousPositionSigmaDirect: 0.5
    m_PVRFilteringAtrousPositionSigmaIndirect: 2
    m_PVRFilteringAtrousPositionSigmaAO: 1
    m_ShowResolutionOverlay: 1
  m_LightingDataAsset: {fileID: 0}
  m_UseShadowmask: 0
--- !u!196 &5
NavMeshSettings:
  serializedVersion: 2
  m_ObjectHideFlags: 0
  m_BuildSettings:
    serializedVersion: 2
    agentTypeID: 0
    agentRadius: 0.5
    agentHeight: 2
    agentSlope: 45
    agentClimb: 0.4
    ledgeDropHeight: 0
    maxJumpAcrossDistance: 0
    minRegionArea: 2
    manualCellSize: 0
    cellSize: 0.16666666
    manualTileSize: 0
    tileSize: 256
    accuratePlacement: 0
    debug:
      m_Flags: 0
  m_NavMeshData: {fileID: 0}
--- !u!1001 &1826338
Prefab:
  m_ObjectHideFlags: 0
  serializedVersion: 2
  m_Modification:
    m_TransformParent: {fileID: 0}
    m_Modifications:
    - target: {fileID: 400004, guid: 013d5c1c73490dd459cee408b13a6729, type: 2}
      propertyPath: m_LocalPosition.x
      value: .00275576115
      objectReference: {fileID: 0}
    - target: {fileID: 400004, guid: 013d5c1c73490dd459cee408b13a6729, type: 2}
      propertyPath: m_LocalPosition.y
      value: 0
      objectReference: {fileID: 0}
    - target: {fileID: 400004, guid: 013d5c1c73490dd459cee408b13a6729, type: 2}
      propertyPath: m_LocalPosition.z
      value: -1.33804274
      objectReference: {fileID: 0}
    - target: {fileID: 400004, guid: 013d5c1c73490dd459cee408b13a6729, type: 2}
      propertyPath: m_LocalRotation.x
      value: 0
      objectReference: {fileID: 0}
    - target: {fileID: 400004, guid: 013d5c1c73490dd459cee408b13a6729, type: 2}
      propertyPath: m_LocalRotation.y
      value: -0
      objectReference: {fileID: 0}
    - target: {fileID: 400004, guid: 013d5c1c73490dd459cee408b13a6729, type: 2}
      propertyPath: m_LocalRotation.z
      value: -0
      objectReference: {fileID: 0}
    - target: {fileID: 400004, guid: 013d5c1c73490dd459cee408b13a6729, type: 2}
      propertyPath: m_LocalRotation.w
      value: 1
      objectReference: {fileID: 0}
    - target: {fileID: 400004, guid: 013d5c1c73490dd459cee408b13a6729, type: 2}
      propertyPath: m_RootOrder
      value: 11
      objectReference: {fileID: 0}
    m_RemovedComponents: []
  m_SourcePrefab: {fileID: 100100000, guid: 013d5c1c73490dd459cee408b13a6729, type: 2}
  m_RootGameObject: {fileID: 1987275387}
  m_IsPrefabAsset: 0
--- !u!1 &58142843
GameObject:
  m_ObjectHideFlags: 0
  m_CorrespondingSourceObject: {fileID: 100004, guid: e44537e2fa582734e9c35e7aca876348,
    type: 2}
  m_PrefabInternal: {fileID: 432795316}
  serializedVersion: 6
  m_Component:
  - component: {fileID: 58142844}
  m_Layer: 0
  m_Name: Ang_Sword
  m_TagString: Untagged
  m_Icon: {fileID: 0}
  m_NavMeshLayer: 0
  m_StaticEditorFlags: 0
  m_IsActive: 1
--- !u!4 &58142844
Transform:
  m_ObjectHideFlags: 0
  m_CorrespondingSourceObject: {fileID: 400004, guid: e44537e2fa582734e9c35e7aca876348,
    type: 2}
  m_PrefabInternal: {fileID: 432795316}
  m_GameObject: {fileID: 58142843}
  m_LocalRotation: {x: 0, y: -0, z: -0, w: 1}
  m_LocalPosition: {x: -1.7212291, y: 0, z: -1.3273084}
  m_LocalScale: {x: 1, y: 1, z: 1}
  m_Children:
  - {fileID: 512075990}
  - {fileID: 1162204820}
  m_Father: {fileID: 0}
  m_RootOrder: 13
  m_LocalEulerAnglesHint: {x: 0, y: 0, z: 0}
--- !u!1 &65147768
GameObject:
  m_ObjectHideFlags: 0
  m_CorrespondingSourceObject: {fileID: 100006, guid: b4ff22880a88b1d4d949ea12b5b50fe0,
    type: 2}
  m_PrefabInternal: {fileID: 2082061172}
  serializedVersion: 6
  m_Component:
  - component: {fileID: 65147769}
  m_Layer: 0
  m_Name: Crys_Sword
  m_TagString: Untagged
  m_Icon: {fileID: 0}
  m_NavMeshLayer: 0
  m_StaticEditorFlags: 0
  m_IsActive: 1
--- !u!4 &65147769
Transform:
  m_ObjectHideFlags: 0
  m_CorrespondingSourceObject: {fileID: 400006, guid: b4ff22880a88b1d4d949ea12b5b50fe0,
    type: 2}
  m_PrefabInternal: {fileID: 2082061172}
  m_GameObject: {fileID: 65147768}
  m_LocalRotation: {x: 0, y: -0, z: -0, w: 1}
  m_LocalPosition: {x: 1.2836239, y: 0, z: -1.2942157}
  m_LocalScale: {x: 1, y: 1, z: 1}
  m_Children:
  - {fileID: 773398588}
  - {fileID: 1889978971}
  - {fileID: 1123856994}
  m_Father: {fileID: 0}
  m_RootOrder: 6
  m_LocalEulerAnglesHint: {x: 0, y: 0, z: 0}
--- !u!1 &67104926
GameObject:
  m_ObjectHideFlags: 0
  m_CorrespondingSourceObject: {fileID: 0}
  m_PrefabInternal: {fileID: 0}
  serializedVersion: 6
  m_Component:
  - component: {fileID: 67104928}
  - component: {fileID: 67104927}
  m_Layer: 0
  m_Name: Spotlight
  m_TagString: Untagged
  m_Icon: {fileID: 0}
  m_NavMeshLayer: 0
  m_StaticEditorFlags: 0
  m_IsActive: 1
--- !u!108 &67104927
Light:
  m_ObjectHideFlags: 0
  m_CorrespondingSourceObject: {fileID: 0}
  m_PrefabInternal: {fileID: 0}
  m_GameObject: {fileID: 67104926}
  m_Enabled: 1
  serializedVersion: 8
  m_Type: 0
  m_Color: {r: 1, g: 0.8757606, b: 0.74264705, a: 1}
  m_Intensity: 14
  m_Range: 10
  m_SpotAngle: 93.5
  m_CookieSize: 10
  m_Shadows:
    m_Type: 0
    m_Resolution: -1
    m_CustomResolution: -1
    m_Strength: 1
    m_Bias: 0.05
    m_NormalBias: 0.4
    m_NearPlane: 0.2
  m_Cookie: {fileID: 0}
  m_DrawHalo: 0
  m_Flare: {fileID: 0}
  m_RenderMode: 0
  m_CullingMask:
    serializedVersion: 2
    m_Bits: 4294967295
  m_Lightmapping: 1
  m_LightShadowCasterMode: 0
  m_AreaSize: {x: 1, y: 1}
  m_BounceIntensity: 1
  m_ColorTemperature: 6570
  m_UseColorTemperature: 0
  m_ShadowRadius: 0
  m_ShadowAngle: 0
--- !u!4 &67104928
Transform:
  m_ObjectHideFlags: 0
  m_CorrespondingSourceObject: {fileID: 0}
  m_PrefabInternal: {fileID: 0}
  m_GameObject: {fileID: 67104926}
  m_LocalRotation: {x: 0.52685225, y: 0, z: 0, w: 0.849957}
  m_LocalPosition: {x: -0.65145874, y: 5.266159, z: -5.4271398}
  m_LocalScale: {x: 1, y: 1, z: 1}
  m_Children: []
  m_Father: {fileID: 0}
  m_RootOrder: 5
  m_LocalEulerAnglesHint: {x: 0, y: 0, z: 0}
--- !u!1 &225383381
GameObject:
  m_ObjectHideFlags: 0
  m_CorrespondingSourceObject: {fileID: 100000, guid: 741b5ea250d23f743857e2e5d93efea3,
    type: 2}
  m_PrefabInternal: {fileID: 567050596}
  serializedVersion: 6
  m_Component:
  - component: {fileID: 225383384}
  - component: {fileID: 225383383}
  - component: {fileID: 225383382}
  m_Layer: 0
  m_Name: Crys_Shield
  m_TagString: Untagged
  m_Icon: {fileID: 0}
  m_NavMeshLayer: 0
  m_StaticEditorFlags: 0
  m_IsActive: 1
--- !u!23 &225383382
MeshRenderer:
  m_ObjectHideFlags: 0
  m_CorrespondingSourceObject: {fileID: 2300000, guid: 741b5ea250d23f743857e2e5d93efea3,
    type: 2}
  m_PrefabInternal: {fileID: 567050596}
  m_GameObject: {fileID: 225383381}
  m_Enabled: 1
  m_CastShadows: 1
  m_ReceiveShadows: 1
  m_DynamicOccludee: 1
  m_MotionVectors: 1
  m_LightProbeUsage: 0
  m_ReflectionProbeUsage: 1
  m_RenderingLayerMask: 4294967295
  m_Materials:
  - {fileID: 2100000, guid: 4e4e8f362d7ac4449977473b109154e2, type: 2}
  m_StaticBatchInfo:
    firstSubMesh: 0
    subMeshCount: 0
  m_StaticBatchRoot: {fileID: 0}
  m_ProbeAnchor: {fileID: 0}
  m_LightProbeVolumeOverride: {fileID: 0}
  m_ScaleInLightmap: 1
  m_PreserveUVs: 0
  m_IgnoreNormalsForChartDetection: 0
  m_ImportantGI: 0
  m_StitchLightmapSeams: 0
  m_SelectedEditorRenderState: 3
  m_MinimumChartSize: 4
  m_AutoUVMaxDistance: 0.5
  m_AutoUVMaxAngle: 89
  m_LightmapParameters: {fileID: 0}
  m_SortingLayerID: 0
  m_SortingLayer: 0
  m_SortingOrder: 0
--- !u!33 &225383383
MeshFilter:
  m_ObjectHideFlags: 0
  m_CorrespondingSourceObject: {fileID: 3300000, guid: 741b5ea250d23f743857e2e5d93efea3,
    type: 2}
  m_PrefabInternal: {fileID: 567050596}
  m_GameObject: {fileID: 225383381}
  m_Mesh: {fileID: 4300000, guid: 08faa8171662a994eafe580584166f4b, type: 3}
--- !u!4 &225383384
Transform:
  m_ObjectHideFlags: 0
  m_CorrespondingSourceObject: {fileID: 400000, guid: 741b5ea250d23f743857e2e5d93efea3,
    type: 2}
  m_PrefabInternal: {fileID: 567050596}
  m_GameObject: {fileID: 225383381}
  m_LocalRotation: {x: 0, y: -0, z: -0, w: 1}
  m_LocalPosition: {x: 1.9532261, y: 0, z: -1.8284104}
  m_LocalScale: {x: 1, y: 1, z: 1}
  m_Children: []
  m_Father: {fileID: 0}
  m_RootOrder: 14
  m_LocalEulerAnglesHint: {x: 0, y: 0, z: 0}
--- !u!1 &349649259
GameObject:
  m_ObjectHideFlags: 0
  m_CorrespondingSourceObject: {fileID: 100000, guid: 433fb9144960d1b4a91c1532e1577155,
    type: 2}
  m_PrefabInternal: {fileID: 1199556961}
  serializedVersion: 6
  m_Component:
  - component: {fileID: 349649262}
  - component: {fileID: 349649261}
  - component: {fileID: 349649260}
  m_Layer: 0
  m_Name: Ang_Shield
  m_TagString: Untagged
  m_Icon: {fileID: 0}
  m_NavMeshLayer: 0
  m_StaticEditorFlags: 0
  m_IsActive: 1
--- !u!23 &349649260
MeshRenderer:
  m_ObjectHideFlags: 0
  m_CorrespondingSourceObject: {fileID: 2300000, guid: 433fb9144960d1b4a91c1532e1577155,
    type: 2}
  m_PrefabInternal: {fileID: 1199556961}
  m_GameObject: {fileID: 349649259}
  m_Enabled: 1
  m_CastShadows: 1
  m_ReceiveShadows: 1
  m_DynamicOccludee: 1
  m_MotionVectors: 1
  m_LightProbeUsage: 0
  m_ReflectionProbeUsage: 1
  m_RenderingLayerMask: 4294967295
  m_Materials:
  - {fileID: 2100000, guid: 2c298f9ec05dc2940badd35319543f1b, type: 2}
  m_StaticBatchInfo:
    firstSubMesh: 0
    subMeshCount: 0
  m_StaticBatchRoot: {fileID: 0}
  m_ProbeAnchor: {fileID: 0}
  m_LightProbeVolumeOverride: {fileID: 0}
  m_ScaleInLightmap: 1
  m_PreserveUVs: 0
  m_IgnoreNormalsForChartDetection: 0
  m_ImportantGI: 0
  m_StitchLightmapSeams: 0
  m_SelectedEditorRenderState: 3
  m_MinimumChartSize: 4
  m_AutoUVMaxDistance: 0.5
  m_AutoUVMaxAngle: 89
  m_LightmapParameters: {fileID: 0}
  m_SortingLayerID: 0
  m_SortingLayer: 0
  m_SortingOrder: 0
--- !u!33 &349649261
MeshFilter:
  m_ObjectHideFlags: 0
  m_CorrespondingSourceObject: {fileID: 3300000, guid: 433fb9144960d1b4a91c1532e1577155,
    type: 2}
  m_PrefabInternal: {fileID: 1199556961}
  m_GameObject: {fileID: 349649259}
  m_Mesh: {fileID: 4300000, guid: 5d7b59b4baa0581498b8de14c8ba254f, type: 3}
--- !u!4 &349649262
Transform:
  m_ObjectHideFlags: 0
  m_CorrespondingSourceObject: {fileID: 400000, guid: 433fb9144960d1b4a91c1532e1577155,
    type: 2}
  m_PrefabInternal: {fileID: 1199556961}
  m_GameObject: {fileID: 349649259}
  m_LocalRotation: {x: 0, y: -0, z: -0, w: 1}
  m_LocalPosition: {x: -2.76266, y: 0, z: -1.87237}
  m_LocalScale: {x: 1, y: 1, z: 1}
  m_Children: []
  m_Father: {fileID: 0}
  m_RootOrder: 10
  m_LocalEulerAnglesHint: {x: 0, y: 0, z: 0}
--- !u!1 &422073974
GameObject:
  m_ObjectHideFlags: 0
  m_CorrespondingSourceObject: {fileID: 100004, guid: 5a55589790daf254894f1a20f5910b18,
    type: 2}
  m_PrefabInternal: {fileID: 1995664375}
  serializedVersion: 6
  m_Component:
  - component: {fileID: 422073975}
  - component: {fileID: 422073977}
  - component: {fileID: 422073976}
  m_Layer: 0
  m_Name: Cry_mace_el1
  m_TagString: Untagged
  m_Icon: {fileID: 0}
  m_NavMeshLayer: 0
  m_StaticEditorFlags: 0
  m_IsActive: 1
--- !u!4 &422073975
Transform:
  m_ObjectHideFlags: 0
  m_CorrespondingSourceObject: {fileID: 400004, guid: 5a55589790daf254894f1a20f5910b18,
    type: 2}
  m_PrefabInternal: {fileID: 1995664375}
  m_GameObject: {fileID: 422073974}
  m_LocalRotation: {x: 0, y: -0, z: -0, w: 1}
  m_LocalPosition: {x: 0.00033467636, y: -0.007952556, z: -0.106235355}
  m_LocalScale: {x: 1, y: 1, z: 1}
  m_Children: []
  m_Father: {fileID: 1203486072}
  m_RootOrder: 0
  m_LocalEulerAnglesHint: {x: 0, y: 0, z: 0}
--- !u!23 &422073976
MeshRenderer:
  m_ObjectHideFlags: 0
  m_CorrespondingSourceObject: {fileID: 2300004, guid: 5a55589790daf254894f1a20f5910b18,
    type: 2}
  m_PrefabInternal: {fileID: 1995664375}
  m_GameObject: {fileID: 422073974}
  m_Enabled: 1
  m_CastShadows: 1
  m_ReceiveShadows: 1
  m_DynamicOccludee: 1
  m_MotionVectors: 1
  m_LightProbeUsage: 0
  m_ReflectionProbeUsage: 1
  m_RenderingLayerMask: 4294967295
  m_Materials:
  - {fileID: 2100000, guid: 4f96dedead6cb6e49878c98224a043a0, type: 2}
  m_StaticBatchInfo:
    firstSubMesh: 0
    subMeshCount: 0
  m_StaticBatchRoot: {fileID: 0}
  m_ProbeAnchor: {fileID: 0}
  m_LightProbeVolumeOverride: {fileID: 0}
  m_ScaleInLightmap: 1
  m_PreserveUVs: 0
  m_IgnoreNormalsForChartDetection: 0
  m_ImportantGI: 0
  m_StitchLightmapSeams: 0
  m_SelectedEditorRenderState: 3
  m_MinimumChartSize: 4
  m_AutoUVMaxDistance: 0.5
  m_AutoUVMaxAngle: 89
  m_LightmapParameters: {fileID: 0}
  m_SortingLayerID: 0
  m_SortingLayer: 0
  m_SortingOrder: 0
--- !u!33 &422073977
MeshFilter:
  m_ObjectHideFlags: 0
  m_CorrespondingSourceObject: {fileID: 3300004, guid: 5a55589790daf254894f1a20f5910b18,
    type: 2}
  m_PrefabInternal: {fileID: 1995664375}
  m_GameObject: {fileID: 422073974}
  m_Mesh: {fileID: 4300000, guid: 751ae593124a268438a84891188224e7, type: 3}
--- !u!1001 &432795316
Prefab:
  m_ObjectHideFlags: 0
  serializedVersion: 2
  m_Modification:
    m_TransformParent: {fileID: 0}
    m_Modifications:
    - target: {fileID: 400004, guid: e44537e2fa582734e9c35e7aca876348, type: 2}
      propertyPath: m_LocalPosition.x
      value: -1.72122908
      objectReference: {fileID: 0}
    - target: {fileID: 400004, guid: e44537e2fa582734e9c35e7aca876348, type: 2}
      propertyPath: m_LocalPosition.y
      value: 0
      objectReference: {fileID: 0}
    - target: {fileID: 400004, guid: e44537e2fa582734e9c35e7aca876348, type: 2}
      propertyPath: m_LocalPosition.z
      value: -1.32730842
      objectReference: {fileID: 0}
    - target: {fileID: 400004, guid: e44537e2fa582734e9c35e7aca876348, type: 2}
      propertyPath: m_LocalRotation.x
      value: 0
      objectReference: {fileID: 0}
    - target: {fileID: 400004, guid: e44537e2fa582734e9c35e7aca876348, type: 2}
      propertyPath: m_LocalRotation.y
      value: -0
      objectReference: {fileID: 0}
    - target: {fileID: 400004, guid: e44537e2fa582734e9c35e7aca876348, type: 2}
      propertyPath: m_LocalRotation.z
      value: -0
      objectReference: {fileID: 0}
    - target: {fileID: 400004, guid: e44537e2fa582734e9c35e7aca876348, type: 2}
      propertyPath: m_LocalRotation.w
      value: 1
      objectReference: {fileID: 0}
    - target: {fileID: 400004, guid: e44537e2fa582734e9c35e7aca876348, type: 2}
      propertyPath: m_RootOrder
      value: 13
      objectReference: {fileID: 0}
    m_RemovedComponents: []
  m_SourcePrefab: {fileID: 100100000, guid: e44537e2fa582734e9c35e7aca876348, type: 2}
  m_RootGameObject: {fileID: 58142843}
  m_IsPrefabAsset: 0
--- !u!1 &451896823
GameObject:
  m_ObjectHideFlags: 0
  m_CorrespondingSourceObject: {fileID: 100000, guid: 2b0d9eeda2bd9e64fad7c5f1040f6f9b,
    type: 2}
  m_PrefabInternal: {fileID: 1843051709}
  serializedVersion: 6
  m_Component:
  - component: {fileID: 451896824}
  - component: {fileID: 451896826}
  - component: {fileID: 451896825}
  m_Layer: 0
  m_Name: ang_sp_el3
  m_TagString: Untagged
  m_Icon: {fileID: 0}
  m_NavMeshLayer: 0
  m_StaticEditorFlags: 0
  m_IsActive: 1
--- !u!4 &451896824
Transform:
  m_ObjectHideFlags: 0
  m_CorrespondingSourceObject: {fileID: 400000, guid: 2b0d9eeda2bd9e64fad7c5f1040f6f9b,
    type: 2}
  m_PrefabInternal: {fileID: 1843051709}
  m_GameObject: {fileID: 451896823}
  m_LocalRotation: {x: 0, y: -0, z: -0, w: 1}
  m_LocalPosition: {x: 0.0000000062510948, y: 0.0000000025522109, z: 0.044079542}
  m_LocalScale: {x: 1, y: 1, z: 1}
  m_Children: []
  m_Father: {fileID: 1290543939}
  m_RootOrder: 2
  m_LocalEulerAnglesHint: {x: 0, y: 0, z: 0}
--- !u!23 &451896825
MeshRenderer:
  m_ObjectHideFlags: 0
  m_CorrespondingSourceObject: {fileID: 2300000, guid: 2b0d9eeda2bd9e64fad7c5f1040f6f9b,
    type: 2}
  m_PrefabInternal: {fileID: 1843051709}
  m_GameObject: {fileID: 451896823}
  m_Enabled: 1
  m_CastShadows: 1
  m_ReceiveShadows: 1
  m_DynamicOccludee: 1
  m_MotionVectors: 1
  m_LightProbeUsage: 0
  m_ReflectionProbeUsage: 1
  m_RenderingLayerMask: 4294967295
  m_Materials:
  - {fileID: 2100000, guid: f145bc68fb8b27d479369ca4685ba430, type: 2}
  m_StaticBatchInfo:
    firstSubMesh: 0
    subMeshCount: 0
  m_StaticBatchRoot: {fileID: 0}
  m_ProbeAnchor: {fileID: 0}
  m_LightProbeVolumeOverride: {fileID: 0}
  m_ScaleInLightmap: 1
  m_PreserveUVs: 0
  m_IgnoreNormalsForChartDetection: 0
  m_ImportantGI: 0
  m_StitchLightmapSeams: 0
  m_SelectedEditorRenderState: 3
  m_MinimumChartSize: 4
  m_AutoUVMaxDistance: 0.5
  m_AutoUVMaxAngle: 89
  m_LightmapParameters: {fileID: 0}
  m_SortingLayerID: 0
  m_SortingLayer: 0
  m_SortingOrder: 0
--- !u!33 &451896826
MeshFilter:
  m_ObjectHideFlags: 0
  m_CorrespondingSourceObject: {fileID: 3300000, guid: 2b0d9eeda2bd9e64fad7c5f1040f6f9b,
    type: 2}
  m_PrefabInternal: {fileID: 1843051709}
  m_GameObject: {fileID: 451896823}
  m_Mesh: {fileID: 4300004, guid: 37a3fd64d8ad79645b1f1301f856694e, type: 3}
--- !u!1 &512075987
GameObject:
  m_ObjectHideFlags: 0
  m_CorrespondingSourceObject: {fileID: 100002, guid: e44537e2fa582734e9c35e7aca876348,
    type: 2}
  m_PrefabInternal: {fileID: 432795316}
  serializedVersion: 6
  m_Component:
  - component: {fileID: 512075990}
  - component: {fileID: 512075989}
  - component: {fileID: 512075988}
  m_Layer: 0
  m_Name: ang_sw_el1
  m_TagString: Untagged
  m_Icon: {fileID: 0}
  m_NavMeshLayer: 0
  m_StaticEditorFlags: 0
  m_IsActive: 1
--- !u!23 &512075988
MeshRenderer:
  m_ObjectHideFlags: 0
  m_CorrespondingSourceObject: {fileID: 2300002, guid: e44537e2fa582734e9c35e7aca876348,
    type: 2}
  m_PrefabInternal: {fileID: 432795316}
  m_GameObject: {fileID: 512075987}
  m_Enabled: 1
  m_CastShadows: 1
  m_ReceiveShadows: 1
  m_DynamicOccludee: 1
  m_MotionVectors: 1
  m_LightProbeUsage: 0
  m_ReflectionProbeUsage: 1
  m_RenderingLayerMask: 4294967295
  m_Materials:
  - {fileID: 2100000, guid: 97d4ad4129d72af4c9347dcc3614d947, type: 2}
  m_StaticBatchInfo:
    firstSubMesh: 0
    subMeshCount: 0
  m_StaticBatchRoot: {fileID: 0}
  m_ProbeAnchor: {fileID: 0}
  m_LightProbeVolumeOverride: {fileID: 0}
  m_ScaleInLightmap: 1
  m_PreserveUVs: 0
  m_IgnoreNormalsForChartDetection: 0
  m_ImportantGI: 0
  m_StitchLightmapSeams: 0
  m_SelectedEditorRenderState: 3
  m_MinimumChartSize: 4
  m_AutoUVMaxDistance: 0.5
  m_AutoUVMaxAngle: 89
  m_LightmapParameters: {fileID: 0}
  m_SortingLayerID: 0
  m_SortingLayer: 0
  m_SortingOrder: 0
--- !u!33 &512075989
MeshFilter:
  m_ObjectHideFlags: 0
  m_CorrespondingSourceObject: {fileID: 3300002, guid: e44537e2fa582734e9c35e7aca876348,
    type: 2}
  m_PrefabInternal: {fileID: 432795316}
  m_GameObject: {fileID: 512075987}
  m_Mesh: {fileID: 4300002, guid: 1229e201b1649e846a0915b1510f88e6, type: 3}
--- !u!4 &512075990
Transform:
  m_ObjectHideFlags: 0
  m_CorrespondingSourceObject: {fileID: 400002, guid: e44537e2fa582734e9c35e7aca876348,
    type: 2}
  m_PrefabInternal: {fileID: 432795316}
  m_GameObject: {fileID: 512075987}
  m_LocalRotation: {x: 0, y: -0, z: -0, w: 1}
  m_LocalPosition: {x: 0.000000029381583, y: -0.00000006968237, z: -0.22374348}
  m_LocalScale: {x: 1, y: 1, z: 1}
  m_Children: []
  m_Father: {fileID: 58142844}
  m_RootOrder: 0
  m_LocalEulerAnglesHint: {x: 0, y: 0, z: 0}
--- !u!1001 &567050596
Prefab:
  m_ObjectHideFlags: 0
  serializedVersion: 2
  m_Modification:
    m_TransformParent: {fileID: 0}
    m_Modifications:
    - target: {fileID: 400000, guid: 741b5ea250d23f743857e2e5d93efea3, type: 2}
      propertyPath: m_LocalPosition.x
      value: 1.95322609
      objectReference: {fileID: 0}
    - target: {fileID: 400000, guid: 741b5ea250d23f743857e2e5d93efea3, type: 2}
      propertyPath: m_LocalPosition.y
      value: 0
      objectReference: {fileID: 0}
    - target: {fileID: 400000, guid: 741b5ea250d23f743857e2e5d93efea3, type: 2}
      propertyPath: m_LocalPosition.z
      value: -1.82841039
      objectReference: {fileID: 0}
    - target: {fileID: 400000, guid: 741b5ea250d23f743857e2e5d93efea3, type: 2}
      propertyPath: m_LocalRotation.x
      value: 0
      objectReference: {fileID: 0}
    - target: {fileID: 400000, guid: 741b5ea250d23f743857e2e5d93efea3, type: 2}
      propertyPath: m_LocalRotation.y
      value: -0
      objectReference: {fileID: 0}
    - target: {fileID: 400000, guid: 741b5ea250d23f743857e2e5d93efea3, type: 2}
      propertyPath: m_LocalRotation.z
      value: -0
      objectReference: {fileID: 0}
    - target: {fileID: 400000, guid: 741b5ea250d23f743857e2e5d93efea3, type: 2}
      propertyPath: m_LocalRotation.w
      value: 1
      objectReference: {fileID: 0}
    - target: {fileID: 400000, guid: 741b5ea250d23f743857e2e5d93efea3, type: 2}
      propertyPath: m_RootOrder
      value: 14
      objectReference: {fileID: 0}
    m_RemovedComponents: []
  m_SourcePrefab: {fileID: 100100000, guid: 741b5ea250d23f743857e2e5d93efea3, type: 2}
  m_RootGameObject: {fileID: 225383381}
  m_IsPrefabAsset: 0
--- !u!1 &593341214
GameObject:
  m_ObjectHideFlags: 0
  m_CorrespondingSourceObject: {fileID: 100000, guid: 013d5c1c73490dd459cee408b13a6729,
    type: 2}
  m_PrefabInternal: {fileID: 1826338}
  serializedVersion: 6
  m_Component:
  - component: {fileID: 593341215}
  - component: {fileID: 593341217}
  - component: {fileID: 593341216}
  m_Layer: 0
  m_Name: Dw_mace_el2
  m_TagString: Untagged
  m_Icon: {fileID: 0}
  m_NavMeshLayer: 0
  m_StaticEditorFlags: 0
  m_IsActive: 1
--- !u!4 &593341215
Transform:
  m_ObjectHideFlags: 0
  m_CorrespondingSourceObject: {fileID: 400000, guid: 013d5c1c73490dd459cee408b13a6729,
    type: 2}
  m_PrefabInternal: {fileID: 1826338}
  m_GameObject: {fileID: 593341214}
  m_LocalRotation: {x: 0, y: -0, z: -0, w: 1}
  m_LocalPosition: {x: 0.00000011915485, y: -0.0000001701646, z: -0.7190691}
  m_LocalScale: {x: 1, y: 1, z: 1}
  m_Children: []
  m_Father: {fileID: 1987275388}
  m_RootOrder: 1
  m_LocalEulerAnglesHint: {x: 0, y: 0, z: 0}
--- !u!23 &593341216
MeshRenderer:
  m_ObjectHideFlags: 0
  m_CorrespondingSourceObject: {fileID: 2300000, guid: 013d5c1c73490dd459cee408b13a6729,
    type: 2}
  m_PrefabInternal: {fileID: 1826338}
  m_GameObject: {fileID: 593341214}
  m_Enabled: 1
  m_CastShadows: 1
  m_ReceiveShadows: 1
  m_DynamicOccludee: 1
  m_MotionVectors: 1
  m_LightProbeUsage: 0
  m_ReflectionProbeUsage: 1
  m_RenderingLayerMask: 4294967295
  m_Materials:
  - {fileID: 2100000, guid: 6c9a32e4e17b9b140918e5d6fc4eeb2b, type: 2}
  m_StaticBatchInfo:
    firstSubMesh: 0
    subMeshCount: 0
  m_StaticBatchRoot: {fileID: 0}
  m_ProbeAnchor: {fileID: 0}
  m_LightProbeVolumeOverride: {fileID: 0}
  m_ScaleInLightmap: 1
  m_PreserveUVs: 0
  m_IgnoreNormalsForChartDetection: 0
  m_ImportantGI: 0
  m_StitchLightmapSeams: 0
  m_SelectedEditorRenderState: 3
  m_MinimumChartSize: 4
  m_AutoUVMaxDistance: 0.5
  m_AutoUVMaxAngle: 89
  m_LightmapParameters: {fileID: 0}
  m_SortingLayerID: 0
  m_SortingLayer: 0
  m_SortingOrder: 0
--- !u!33 &593341217
MeshFilter:
  m_ObjectHideFlags: 0
  m_CorrespondingSourceObject: {fileID: 3300000, guid: 013d5c1c73490dd459cee408b13a6729,
    type: 2}
  m_PrefabInternal: {fileID: 1826338}
  m_GameObject: {fileID: 593341214}
  m_Mesh: {fileID: 4300002, guid: 50a77300f473d86498e13a0a7984a3cd, type: 3}
--- !u!1 &606811112
GameObject:
  m_ObjectHideFlags: 0
  m_CorrespondingSourceObject: {fileID: 100002, guid: 5a55589790daf254894f1a20f5910b18,
    type: 2}
  m_PrefabInternal: {fileID: 1995664375}
  serializedVersion: 6
  m_Component:
  - component: {fileID: 606811113}
  - component: {fileID: 606811115}
  - component: {fileID: 606811114}
  m_Layer: 0
  m_Name: Cry_mace_el2
  m_TagString: Untagged
  m_Icon: {fileID: 0}
  m_NavMeshLayer: 0
  m_StaticEditorFlags: 0
  m_IsActive: 1
--- !u!4 &606811113
Transform:
  m_ObjectHideFlags: 0
  m_CorrespondingSourceObject: {fileID: 400002, guid: 5a55589790daf254894f1a20f5910b18,
    type: 2}
  m_PrefabInternal: {fileID: 1995664375}
  m_GameObject: {fileID: 606811112}
  m_LocalRotation: {x: 0, y: -0, z: -0, w: 1}
  m_LocalPosition: {x: -0.00069845095, y: -0.00837934, z: 0.36177826}
  m_LocalScale: {x: 1, y: 1, z: 1}
  m_Children: []
  m_Father: {fileID: 1203486072}
  m_RootOrder: 1
  m_LocalEulerAnglesHint: {x: 0, y: 0, z: 0}
--- !u!23 &606811114
MeshRenderer:
  m_ObjectHideFlags: 0
  m_CorrespondingSourceObject: {fileID: 2300002, guid: 5a55589790daf254894f1a20f5910b18,
    type: 2}
  m_PrefabInternal: {fileID: 1995664375}
  m_GameObject: {fileID: 606811112}
  m_Enabled: 1
  m_CastShadows: 1
  m_ReceiveShadows: 1
  m_DynamicOccludee: 1
  m_MotionVectors: 1
  m_LightProbeUsage: 0
  m_ReflectionProbeUsage: 1
  m_RenderingLayerMask: 4294967295
  m_Materials:
  - {fileID: 2100000, guid: 4f96dedead6cb6e49878c98224a043a0, type: 2}
  m_StaticBatchInfo:
    firstSubMesh: 0
    subMeshCount: 0
  m_StaticBatchRoot: {fileID: 0}
  m_ProbeAnchor: {fileID: 0}
  m_LightProbeVolumeOverride: {fileID: 0}
  m_ScaleInLightmap: 1
  m_PreserveUVs: 0
  m_IgnoreNormalsForChartDetection: 0
  m_ImportantGI: 0
  m_StitchLightmapSeams: 0
  m_SelectedEditorRenderState: 3
  m_MinimumChartSize: 4
  m_AutoUVMaxDistance: 0.5
  m_AutoUVMaxAngle: 89
  m_LightmapParameters: {fileID: 0}
  m_SortingLayerID: 0
  m_SortingLayer: 0
  m_SortingOrder: 0
--- !u!33 &606811115
MeshFilter:
  m_ObjectHideFlags: 0
  m_CorrespondingSourceObject: {fileID: 3300002, guid: 5a55589790daf254894f1a20f5910b18,
    type: 2}
  m_PrefabInternal: {fileID: 1995664375}
  m_GameObject: {fileID: 606811112}
  m_Mesh: {fileID: 4300002, guid: 751ae593124a268438a84891188224e7, type: 3}
--- !u!1 &618836448
GameObject:
  m_ObjectHideFlags: 0
  m_CorrespondingSourceObject: {fileID: 0}
  m_PrefabInternal: {fileID: 0}
  serializedVersion: 6
  m_Component:
  - component: {fileID: 618836450}
  - component: {fileID: 618836449}
  m_Layer: 0
  m_Name: Directional light
  m_TagString: Untagged
  m_Icon: {fileID: 0}
  m_NavMeshLayer: 0
  m_StaticEditorFlags: 0
  m_IsActive: 1
--- !u!108 &618836449
Light:
  m_ObjectHideFlags: 0
  m_CorrespondingSourceObject: {fileID: 0}
  m_PrefabInternal: {fileID: 0}
  m_GameObject: {fileID: 618836448}
  m_Enabled: 1
  serializedVersion: 8
  m_Type: 1
  m_Color: {r: 0.19117647, g: 0.39756578, b: 1, a: 1}
  m_Intensity: 4
  m_Range: 10
  m_SpotAngle: 30
  m_CookieSize: 10
  m_Shadows:
    m_Type: 0
    m_Resolution: -1
    m_CustomResolution: -1
    m_Strength: 1
    m_Bias: 0.05
    m_NormalBias: 0.4
    m_NearPlane: 0.2
  m_Cookie: {fileID: 0}
  m_DrawHalo: 0
  m_Flare: {fileID: 0}
  m_RenderMode: 0
  m_CullingMask:
    serializedVersion: 2
    m_Bits: 4294967295
  m_Lightmapping: 1
  m_LightShadowCasterMode: 0
  m_AreaSize: {x: 1, y: 1}
  m_BounceIntensity: 1
  m_ColorTemperature: 6570
  m_UseColorTemperature: 0
  m_ShadowRadius: 0
  m_ShadowAngle: 0
--- !u!4 &618836450
Transform:
  m_ObjectHideFlags: 0
  m_CorrespondingSourceObject: {fileID: 0}
  m_PrefabInternal: {fileID: 0}
  m_GameObject: {fileID: 618836448}
  m_LocalRotation: {x: -0.08131474, y: 0.9051858, z: -0.03317061, w: 0.41584423}
  m_LocalPosition: {x: -26.114609, y: 0.23648241, z: 0.34570217}
  m_LocalScale: {x: 1, y: 1, z: 1}
  m_Children: []
  m_Father: {fileID: 0}
  m_RootOrder: 1
  m_LocalEulerAnglesHint: {x: 0, y: 0, z: 0}
--- !u!1 &773398587
GameObject:
  m_ObjectHideFlags: 0
  m_CorrespondingSourceObject: {fileID: 100004, guid: b4ff22880a88b1d4d949ea12b5b50fe0,
    type: 2}
  m_PrefabInternal: {fileID: 2082061172}
  serializedVersion: 6
  m_Component:
  - component: {fileID: 773398588}
  - component: {fileID: 773398590}
  - component: {fileID: 773398589}
  m_Layer: 0
  m_Name: cry_sw_el1
  m_TagString: Untagged
  m_Icon: {fileID: 0}
  m_NavMeshLayer: 0
  m_StaticEditorFlags: 0
  m_IsActive: 1
--- !u!4 &773398588
Transform:
  m_ObjectHideFlags: 0
  m_CorrespondingSourceObject: {fileID: 400004, guid: b4ff22880a88b1d4d949ea12b5b50fe0,
    type: 2}
  m_PrefabInternal: {fileID: 2082061172}
  m_GameObject: {fileID: 773398587}
  m_LocalRotation: {x: 0, y: -0, z: -0, w: 1}
  m_LocalPosition: {x: -0, y: 0, z: 0}
  m_LocalScale: {x: 1, y: 1, z: 1}
  m_Children: []
  m_Father: {fileID: 65147769}
  m_RootOrder: 0
  m_LocalEulerAnglesHint: {x: 0, y: 0, z: 0}
--- !u!23 &773398589
MeshRenderer:
  m_ObjectHideFlags: 0
  m_CorrespondingSourceObject: {fileID: 2300004, guid: b4ff22880a88b1d4d949ea12b5b50fe0,
    type: 2}
  m_PrefabInternal: {fileID: 2082061172}
  m_GameObject: {fileID: 773398587}
  m_Enabled: 1
  m_CastShadows: 1
  m_ReceiveShadows: 1
  m_DynamicOccludee: 1
  m_MotionVectors: 1
  m_LightProbeUsage: 0
  m_ReflectionProbeUsage: 1
  m_RenderingLayerMask: 4294967295
  m_Materials:
  - {fileID: 2100000, guid: 02118d2a6632a124db63c9cb394faeec, type: 2}
  m_StaticBatchInfo:
    firstSubMesh: 0
    subMeshCount: 0
  m_StaticBatchRoot: {fileID: 0}
  m_ProbeAnchor: {fileID: 0}
  m_LightProbeVolumeOverride: {fileID: 0}
  m_ScaleInLightmap: 1
  m_PreserveUVs: 0
  m_IgnoreNormalsForChartDetection: 0
  m_ImportantGI: 0
  m_StitchLightmapSeams: 0
  m_SelectedEditorRenderState: 3
  m_MinimumChartSize: 4
  m_AutoUVMaxDistance: 0.5
  m_AutoUVMaxAngle: 89
  m_LightmapParameters: {fileID: 0}
  m_SortingLayerID: 0
  m_SortingLayer: 0
  m_SortingOrder: 0
--- !u!33 &773398590
MeshFilter:
  m_ObjectHideFlags: 0
  m_CorrespondingSourceObject: {fileID: 3300004, guid: b4ff22880a88b1d4d949ea12b5b50fe0,
    type: 2}
  m_PrefabInternal: {fileID: 2082061172}
  m_GameObject: {fileID: 773398587}
  m_Mesh: {fileID: 4300002, guid: ced773a2bd022504980aad880596e6b3, type: 3}
--- !u!1 &863053994
GameObject:
  m_ObjectHideFlags: 0
  m_CorrespondingSourceObject: {fileID: 0}
  m_PrefabInternal: {fileID: 0}
  serializedVersion: 6
  m_Component:
  - component: {fileID: 863053999}
  - component: {fileID: 863053998}
  - component: {fileID: 863053997}
  - component: {fileID: 863053996}
  - component: {fileID: 863053995}
  m_Layer: 0
  m_Name: Main Camera
  m_TagString: MainCamera
  m_Icon: {fileID: 0}
  m_NavMeshLayer: 0
  m_StaticEditorFlags: 0
  m_IsActive: 1
--- !u!81 &863053995
AudioListener:
  m_ObjectHideFlags: 0
  m_CorrespondingSourceObject: {fileID: 0}
  m_PrefabInternal: {fileID: 0}
  m_GameObject: {fileID: 863053994}
  m_Enabled: 1
--- !u!124 &863053996
Behaviour:
  m_ObjectHideFlags: 0
  m_CorrespondingSourceObject: {fileID: 0}
  m_PrefabInternal: {fileID: 0}
  m_GameObject: {fileID: 863053994}
  m_Enabled: 1
--- !u!92 &863053997
Behaviour:
  m_ObjectHideFlags: 0
  m_CorrespondingSourceObject: {fileID: 0}
  m_PrefabInternal: {fileID: 0}
  m_GameObject: {fileID: 863053994}
  m_Enabled: 1
--- !u!20 &863053998
Camera:
  m_ObjectHideFlags: 0
  m_CorrespondingSourceObject: {fileID: 0}
  m_PrefabInternal: {fileID: 0}
  m_GameObject: {fileID: 863053994}
  m_Enabled: 1
  serializedVersion: 2
  m_ClearFlags: 1
  m_BackGroundColor: {r: 0.19215687, g: 0.3019608, b: 0.4745098, a: 0.019607844}
  m_projectionMatrixMode: 1
  m_SensorSize: {x: 36, y: 24}
  m_LensShift: {x: 0, y: 0}
  m_FocalLength: 50
  m_NormalizedViewPortRect:
    serializedVersion: 2
    x: 0
    y: 0
    width: 1
    height: 1
  near clip plane: 0.3
  far clip plane: 1000
  field of view: 45
  orthographic: 0
  orthographic size: 100
  m_Depth: -1
  m_CullingMask:
    serializedVersion: 2
    m_Bits: 4294967295
  m_RenderingPath: 2
  m_TargetTexture: {fileID: 0}
  m_TargetDisplay: 0
  m_TargetEye: 3
  m_HDR: 0
  m_AllowMSAA: 1
  m_AllowDynamicResolution: 0
  m_ForceIntoRT: 0
  m_OcclusionCulling: 1
  m_StereoConvergence: 10
  m_StereoSeparation: 0.022
--- !u!4 &863053999
Transform:
  m_ObjectHideFlags: 0
  m_CorrespondingSourceObject: {fileID: 0}
  m_PrefabInternal: {fileID: 0}
  m_GameObject: {fileID: 863053994}
  m_LocalRotation: {x: -0.00000009344747, y: 0.81915206, z: -0.57357645, w: -0.00000013345681}
  m_LocalPosition: {x: -0.41713333, y: 3.8980155, z: -0.25676832}
  m_LocalScale: {x: 1, y: 1, z: 1}
  m_Children: []
  m_Father: {fileID: 0}
  m_RootOrder: 2
  m_LocalEulerAnglesHint: {x: 0, y: 0, z: 0}
--- !u!1 &864968933
GameObject:
  m_ObjectHideFlags: 0
  m_CorrespondingSourceObject: {fileID: 100000, guid: bd60ead43ad29bd47ac4e05866e4fe06,
    type: 2}
  m_PrefabInternal: {fileID: 2132835294}
  serializedVersion: 6
  m_Component:
  - component: {fileID: 864968936}
  - component: {fileID: 864968935}
  - component: {fileID: 864968934}
  m_Layer: 0
  m_Name: Dw_Shield
  m_TagString: Untagged
  m_Icon: {fileID: 0}
  m_NavMeshLayer: 0
  m_StaticEditorFlags: 0
  m_IsActive: 1
--- !u!23 &864968934
MeshRenderer:
  m_ObjectHideFlags: 0
  m_CorrespondingSourceObject: {fileID: 2300000, guid: bd60ead43ad29bd47ac4e05866e4fe06,
    type: 2}
  m_PrefabInternal: {fileID: 2132835294}
  m_GameObject: {fileID: 864968933}
  m_Enabled: 1
  m_CastShadows: 1
  m_ReceiveShadows: 1
  m_DynamicOccludee: 1
  m_MotionVectors: 1
  m_LightProbeUsage: 0
  m_ReflectionProbeUsage: 1
  m_RenderingLayerMask: 4294967295
  m_Materials:
  - {fileID: 2100000, guid: a5fa0ad7359f1ab45922fb69ab7b1c08, type: 2}
  m_StaticBatchInfo:
    firstSubMesh: 0
    subMeshCount: 0
  m_StaticBatchRoot: {fileID: 0}
  m_ProbeAnchor: {fileID: 0}
  m_LightProbeVolumeOverride: {fileID: 0}
  m_ScaleInLightmap: 1
  m_PreserveUVs: 0
  m_IgnoreNormalsForChartDetection: 0
  m_ImportantGI: 0
  m_StitchLightmapSeams: 0
  m_SelectedEditorRenderState: 3
  m_MinimumChartSize: 4
  m_AutoUVMaxDistance: 0.5
  m_AutoUVMaxAngle: 89
  m_LightmapParameters: {fileID: 0}
  m_SortingLayerID: 0
  m_SortingLayer: 0
  m_SortingOrder: 0
--- !u!33 &864968935
MeshFilter:
  m_ObjectHideFlags: 0
  m_CorrespondingSourceObject: {fileID: 3300000, guid: bd60ead43ad29bd47ac4e05866e4fe06,
    type: 2}
  m_PrefabInternal: {fileID: 2132835294}
  m_GameObject: {fileID: 864968933}
  m_Mesh: {fileID: 4300000, guid: 6b092689e345fee459dc57f27f528a13, type: 3}
--- !u!4 &864968936
Transform:
  m_ObjectHideFlags: 0
  m_CorrespondingSourceObject: {fileID: 400000, guid: bd60ead43ad29bd47ac4e05866e4fe06,
    type: 2}
  m_PrefabInternal: {fileID: 2132835294}
  m_GameObject: {fileID: 864968933}
  m_LocalRotation: {x: 0, y: -0, z: -0, w: 1}
  m_LocalPosition: {x: -1.0885406, y: 0, z: -1.6844187}
  m_LocalScale: {x: 1, y: 1, z: 1}
  m_Children: []
  m_Father: {fileID: 0}
  m_RootOrder: 9
  m_LocalEulerAnglesHint: {x: 0, y: 0, z: 0}
--- !u!1 &1123856991
GameObject:
  m_ObjectHideFlags: 0
  m_CorrespondingSourceObject: {fileID: 100000, guid: b4ff22880a88b1d4d949ea12b5b50fe0,
    type: 2}
  m_PrefabInternal: {fileID: 2082061172}
  serializedVersion: 6
  m_Component:
  - component: {fileID: 1123856994}
  - component: {fileID: 1123856993}
  - component: {fileID: 1123856992}
  m_Layer: 0
  m_Name: cry_sw_el3
  m_TagString: Untagged
  m_Icon: {fileID: 0}
  m_NavMeshLayer: 0
  m_StaticEditorFlags: 0
  m_IsActive: 1
--- !u!23 &1123856992
MeshRenderer:
  m_ObjectHideFlags: 0
  m_CorrespondingSourceObject: {fileID: 2300000, guid: b4ff22880a88b1d4d949ea12b5b50fe0,
    type: 2}
  m_PrefabInternal: {fileID: 2082061172}
  m_GameObject: {fileID: 1123856991}
  m_Enabled: 1
  m_CastShadows: 1
  m_ReceiveShadows: 1
  m_DynamicOccludee: 1
  m_MotionVectors: 1
  m_LightProbeUsage: 0
  m_ReflectionProbeUsage: 1
  m_RenderingLayerMask: 4294967295
  m_Materials:
  - {fileID: 2100000, guid: 02118d2a6632a124db63c9cb394faeec, type: 2}
  m_StaticBatchInfo:
    firstSubMesh: 0
    subMeshCount: 0
  m_StaticBatchRoot: {fileID: 0}
  m_ProbeAnchor: {fileID: 0}
  m_LightProbeVolumeOverride: {fileID: 0}
  m_ScaleInLightmap: 1
  m_PreserveUVs: 0
  m_IgnoreNormalsForChartDetection: 0
  m_ImportantGI: 0
  m_StitchLightmapSeams: 0
  m_SelectedEditorRenderState: 3
  m_MinimumChartSize: 4
  m_AutoUVMaxDistance: 0.5
  m_AutoUVMaxAngle: 89
  m_LightmapParameters: {fileID: 0}
  m_SortingLayerID: 0
  m_SortingLayer: 0
  m_SortingOrder: 0
--- !u!33 &1123856993
MeshFilter:
  m_ObjectHideFlags: 0
  m_CorrespondingSourceObject: {fileID: 3300000, guid: b4ff22880a88b1d4d949ea12b5b50fe0,
    type: 2}
  m_PrefabInternal: {fileID: 2082061172}
  m_GameObject: {fileID: 1123856991}
  m_Mesh: {fileID: 4300000, guid: ced773a2bd022504980aad880596e6b3, type: 3}
--- !u!4 &1123856994
Transform:
  m_ObjectHideFlags: 0
  m_CorrespondingSourceObject: {fileID: 400000, guid: b4ff22880a88b1d4d949ea12b5b50fe0,
    type: 2}
  m_PrefabInternal: {fileID: 2082061172}
  m_GameObject: {fileID: 1123856991}
  m_LocalRotation: {x: 0, y: -0, z: -0, w: 1}
  m_LocalPosition: {x: -0, y: 0, z: 0.10964254}
  m_LocalScale: {x: 1, y: 1, z: 1}
  m_Children: []
  m_Father: {fileID: 65147769}
  m_RootOrder: 2
  m_LocalEulerAnglesHint: {x: 0, y: 0, z: 0}
--- !u!1 &1162204819
GameObject:
  m_ObjectHideFlags: 0
  m_CorrespondingSourceObject: {fileID: 100000, guid: e44537e2fa582734e9c35e7aca876348,
    type: 2}
  m_PrefabInternal: {fileID: 432795316}
  serializedVersion: 6
  m_Component:
  - component: {fileID: 1162204820}
  - component: {fileID: 1162204822}
  - component: {fileID: 1162204821}
  m_Layer: 0
  m_Name: ang_sw_el2
  m_TagString: Untagged
  m_Icon: {fileID: 0}
  m_NavMeshLayer: 0
  m_StaticEditorFlags: 0
  m_IsActive: 1
--- !u!4 &1162204820
Transform:
  m_ObjectHideFlags: 0
  m_CorrespondingSourceObject: {fileID: 400000, guid: e44537e2fa582734e9c35e7aca876348,
    type: 2}
  m_PrefabInternal: {fileID: 432795316}
  m_GameObject: {fileID: 1162204819}
  m_LocalRotation: {x: 0, y: -0, z: -0, w: 1}
  m_LocalPosition: {x: 0.000000029381583, y: 0.000000016070432, z: 0.011488085}
  m_LocalScale: {x: 1, y: 1, z: 1}
  m_Children: []
  m_Father: {fileID: 58142844}
  m_RootOrder: 1
  m_LocalEulerAnglesHint: {x: 0, y: 0, z: 0}
--- !u!23 &1162204821
MeshRenderer:
  m_ObjectHideFlags: 0
  m_CorrespondingSourceObject: {fileID: 2300000, guid: e44537e2fa582734e9c35e7aca876348,
    type: 2}
  m_PrefabInternal: {fileID: 432795316}
  m_GameObject: {fileID: 1162204819}
  m_Enabled: 1
  m_CastShadows: 1
  m_ReceiveShadows: 1
  m_DynamicOccludee: 1
  m_MotionVectors: 1
  m_LightProbeUsage: 0
  m_ReflectionProbeUsage: 1
  m_RenderingLayerMask: 4294967295
  m_Materials:
  - {fileID: 2100000, guid: 97d4ad4129d72af4c9347dcc3614d947, type: 2}
  m_StaticBatchInfo:
    firstSubMesh: 0
    subMeshCount: 0
  m_StaticBatchRoot: {fileID: 0}
  m_ProbeAnchor: {fileID: 0}
  m_LightProbeVolumeOverride: {fileID: 0}
  m_ScaleInLightmap: 1
  m_PreserveUVs: 0
  m_IgnoreNormalsForChartDetection: 0
  m_ImportantGI: 0
  m_StitchLightmapSeams: 0
  m_SelectedEditorRenderState: 3
  m_MinimumChartSize: 4
  m_AutoUVMaxDistance: 0.5
  m_AutoUVMaxAngle: 89
  m_LightmapParameters: {fileID: 0}
  m_SortingLayerID: 0
  m_SortingLayer: 0
  m_SortingOrder: 0
--- !u!33 &1162204822
MeshFilter:
  m_ObjectHideFlags: 0
  m_CorrespondingSourceObject: {fileID: 3300000, guid: e44537e2fa582734e9c35e7aca876348,
    type: 2}
  m_PrefabInternal: {fileID: 432795316}
  m_GameObject: {fileID: 1162204819}
  m_Mesh: {fileID: 4300000, guid: 1229e201b1649e846a0915b1510f88e6, type: 3}
--- !u!1 &1166251862
GameObject:
  m_ObjectHideFlags: 0
  m_CorrespondingSourceObject: {fileID: 100000, guid: 8423e2ecf1dbfb14c9464b97db88f431,
    type: 2}
  m_PrefabInternal: {fileID: 1407307054}
  serializedVersion: 6
  m_Component:
  - component: {fileID: 1166251863}
  - component: {fileID: 1166251865}
  - component: {fileID: 1166251864}
  m_Layer: 0
  m_Name: Dw_sw_el2
  m_TagString: Untagged
  m_Icon: {fileID: 0}
  m_NavMeshLayer: 0
  m_StaticEditorFlags: 0
  m_IsActive: 1
--- !u!4 &1166251863
Transform:
  m_ObjectHideFlags: 0
  m_CorrespondingSourceObject: {fileID: 400000, guid: 8423e2ecf1dbfb14c9464b97db88f431,
    type: 2}
  m_PrefabInternal: {fileID: 1407307054}
  m_GameObject: {fileID: 1166251862}
  m_LocalRotation: {x: 0, y: -0, z: -0, w: 1}
  m_LocalPosition: {x: -0.00000011920929, y: -0.0000000037252903, z: 0.011166096}
  m_LocalScale: {x: 1, y: 1, z: 1}
  m_Children: []
  m_Father: {fileID: 1970701935}
  m_RootOrder: 1
  m_LocalEulerAnglesHint: {x: 0, y: 0, z: 0}
--- !u!23 &1166251864
MeshRenderer:
  m_ObjectHideFlags: 0
  m_CorrespondingSourceObject: {fileID: 2300000, guid: 8423e2ecf1dbfb14c9464b97db88f431,
    type: 2}
  m_PrefabInternal: {fileID: 1407307054}
  m_GameObject: {fileID: 1166251862}
  m_Enabled: 1
  m_CastShadows: 1
  m_ReceiveShadows: 1
  m_DynamicOccludee: 1
  m_MotionVectors: 1
  m_LightProbeUsage: 0
  m_ReflectionProbeUsage: 1
  m_RenderingLayerMask: 4294967295
  m_Materials:
  - {fileID: 2100000, guid: 51080be4e5c6d6c4095fe83effda246c, type: 2}
  m_StaticBatchInfo:
    firstSubMesh: 0
    subMeshCount: 0
  m_StaticBatchRoot: {fileID: 0}
  m_ProbeAnchor: {fileID: 0}
  m_LightProbeVolumeOverride: {fileID: 0}
  m_ScaleInLightmap: 1
  m_PreserveUVs: 0
  m_IgnoreNormalsForChartDetection: 0
  m_ImportantGI: 0
  m_StitchLightmapSeams: 0
  m_SelectedEditorRenderState: 3
  m_MinimumChartSize: 4
  m_AutoUVMaxDistance: 0.5
  m_AutoUVMaxAngle: 89
  m_LightmapParameters: {fileID: 0}
  m_SortingLayerID: 0
  m_SortingLayer: 0
  m_SortingOrder: 0
--- !u!33 &1166251865
MeshFilter:
  m_ObjectHideFlags: 0
  m_CorrespondingSourceObject: {fileID: 3300000, guid: 8423e2ecf1dbfb14c9464b97db88f431,
    type: 2}
  m_PrefabInternal: {fileID: 1407307054}
  m_GameObject: {fileID: 1166251862}
  m_Mesh: {fileID: 4300000, guid: b2da8e5171aaf5942b5e1ed6b8512e30, type: 3}
--- !u!1001 &1199556961
Prefab:
  m_ObjectHideFlags: 0
  serializedVersion: 2
  m_Modification:
    m_TransformParent: {fileID: 0}
    m_Modifications:
    - target: {fileID: 400000, guid: 433fb9144960d1b4a91c1532e1577155, type: 2}
      propertyPath: m_LocalPosition.x
      value: -2.76266003
      objectReference: {fileID: 0}
    - target: {fileID: 400000, guid: 433fb9144960d1b4a91c1532e1577155, type: 2}
      propertyPath: m_LocalPosition.y
      value: 0
      objectReference: {fileID: 0}
    - target: {fileID: 400000, guid: 433fb9144960d1b4a91c1532e1577155, type: 2}
      propertyPath: m_LocalPosition.z
      value: -1.87237
      objectReference: {fileID: 0}
    - target: {fileID: 400000, guid: 433fb9144960d1b4a91c1532e1577155, type: 2}
      propertyPath: m_LocalRotation.x
      value: 0
      objectReference: {fileID: 0}
    - target: {fileID: 400000, guid: 433fb9144960d1b4a91c1532e1577155, type: 2}
      propertyPath: m_LocalRotation.y
      value: -0
      objectReference: {fileID: 0}
    - target: {fileID: 400000, guid: 433fb9144960d1b4a91c1532e1577155, type: 2}
      propertyPath: m_LocalRotation.z
      value: -0
      objectReference: {fileID: 0}
    - target: {fileID: 400000, guid: 433fb9144960d1b4a91c1532e1577155, type: 2}
      propertyPath: m_LocalRotation.w
      value: 1
      objectReference: {fileID: 0}
    - target: {fileID: 400000, guid: 433fb9144960d1b4a91c1532e1577155, type: 2}
      propertyPath: m_RootOrder
      value: 10
      objectReference: {fileID: 0}
    m_RemovedComponents: []
  m_SourcePrefab: {fileID: 100100000, guid: 433fb9144960d1b4a91c1532e1577155, type: 2}
  m_RootGameObject: {fileID: 349649259}
  m_IsPrefabAsset: 0
--- !u!1 &1203486071
GameObject:
  m_ObjectHideFlags: 0
  m_CorrespondingSourceObject: {fileID: 100006, guid: 5a55589790daf254894f1a20f5910b18,
    type: 2}
  m_PrefabInternal: {fileID: 1995664375}
  serializedVersion: 6
  m_Component:
  - component: {fileID: 1203486072}
  m_Layer: 0
  m_Name: Crys_Mace
  m_TagString: Untagged
  m_Icon: {fileID: 0}
  m_NavMeshLayer: 0
  m_StaticEditorFlags: 0
  m_IsActive: 1
--- !u!4 &1203486072
Transform:
  m_ObjectHideFlags: 0
  m_CorrespondingSourceObject: {fileID: 400006, guid: 5a55589790daf254894f1a20f5910b18,
    type: 2}
  m_PrefabInternal: {fileID: 1995664375}
  m_GameObject: {fileID: 1203486071}
  m_LocalRotation: {x: 0, y: -0, z: -0, w: 1}
  m_LocalPosition: {x: 0.73861456, y: 0, z: -1.4896598}
  m_LocalScale: {x: 1, y: 1, z: 1}
  m_Children:
  - {fileID: 422073975}
  - {fileID: 606811113}
  - {fileID: 1980504292}
  m_Father: {fileID: 0}
  m_RootOrder: 8
  m_LocalEulerAnglesHint: {x: 0, y: 0, z: 0}
--- !u!1 &1290543938
GameObject:
  m_ObjectHideFlags: 0
  m_CorrespondingSourceObject: {fileID: 100006, guid: 2b0d9eeda2bd9e64fad7c5f1040f6f9b,
    type: 2}
  m_PrefabInternal: {fileID: 1843051709}
  serializedVersion: 6
  m_Component:
  - component: {fileID: 1290543939}
  m_Layer: 0
  m_Name: Ang_Spear
  m_TagString: Untagged
  m_Icon: {fileID: 0}
  m_NavMeshLayer: 0
  m_StaticEditorFlags: 0
  m_IsActive: 1
--- !u!4 &1290543939
Transform:
  m_ObjectHideFlags: 0
  m_CorrespondingSourceObject: {fileID: 400006, guid: 2b0d9eeda2bd9e64fad7c5f1040f6f9b,
    type: 2}
  m_PrefabInternal: {fileID: 1843051709}
  m_GameObject: {fileID: 1290543938}
  m_LocalRotation: {x: 0, y: -0, z: -0, w: 1}
  m_LocalPosition: {x: -2.2213538, y: 0, z: -1.5566387}
  m_LocalScale: {x: 1, y: 1, z: 1}
  m_Children:
  - {fileID: 1291545955}
  - {fileID: 1520877327}
  - {fileID: 451896824}
  m_Father: {fileID: 0}
  m_RootOrder: 12
  m_LocalEulerAnglesHint: {x: 0, y: 0, z: 0}
--- !u!1 &1291545952
GameObject:
  m_ObjectHideFlags: 0
  m_CorrespondingSourceObject: {fileID: 100004, guid: 2b0d9eeda2bd9e64fad7c5f1040f6f9b,
    type: 2}
  m_PrefabInternal: {fileID: 1843051709}
  serializedVersion: 6
  m_Component:
  - component: {fileID: 1291545955}
  - component: {fileID: 1291545954}
  - component: {fileID: 1291545953}
  m_Layer: 0
  m_Name: ang_sp_el1
  m_TagString: Untagged
  m_Icon: {fileID: 0}
  m_NavMeshLayer: 0
  m_StaticEditorFlags: 0
  m_IsActive: 1
--- !u!23 &1291545953
MeshRenderer:
  m_ObjectHideFlags: 0
  m_CorrespondingSourceObject: {fileID: 2300004, guid: 2b0d9eeda2bd9e64fad7c5f1040f6f9b,
    type: 2}
  m_PrefabInternal: {fileID: 1843051709}
  m_GameObject: {fileID: 1291545952}
  m_Enabled: 1
  m_CastShadows: 1
  m_ReceiveShadows: 1
  m_DynamicOccludee: 1
  m_MotionVectors: 1
  m_LightProbeUsage: 0
  m_ReflectionProbeUsage: 1
  m_RenderingLayerMask: 4294967295
  m_Materials:
  - {fileID: 2100000, guid: f145bc68fb8b27d479369ca4685ba430, type: 2}
  m_StaticBatchInfo:
    firstSubMesh: 0
    subMeshCount: 0
  m_StaticBatchRoot: {fileID: 0}
  m_ProbeAnchor: {fileID: 0}
  m_LightProbeVolumeOverride: {fileID: 0}
  m_ScaleInLightmap: 1
  m_PreserveUVs: 0
  m_IgnoreNormalsForChartDetection: 0
  m_ImportantGI: 0
  m_StitchLightmapSeams: 0
  m_SelectedEditorRenderState: 3
  m_MinimumChartSize: 4
  m_AutoUVMaxDistance: 0.5
  m_AutoUVMaxAngle: 89
  m_LightmapParameters: {fileID: 0}
  m_SortingLayerID: 0
  m_SortingLayer: 0
  m_SortingOrder: 0
--- !u!33 &1291545954
MeshFilter:
  m_ObjectHideFlags: 0
  m_CorrespondingSourceObject: {fileID: 3300004, guid: 2b0d9eeda2bd9e64fad7c5f1040f6f9b,
    type: 2}
  m_PrefabInternal: {fileID: 1843051709}
  m_GameObject: {fileID: 1291545952}
  m_Mesh: {fileID: 4300000, guid: 37a3fd64d8ad79645b1f1301f856694e, type: 3}
--- !u!4 &1291545955
Transform:
  m_ObjectHideFlags: 0
  m_CorrespondingSourceObject: {fileID: 400004, guid: 2b0d9eeda2bd9e64fad7c5f1040f6f9b,
    type: 2}
  m_PrefabInternal: {fileID: 1843051709}
  m_GameObject: {fileID: 1291545952}
  m_LocalRotation: {x: 0, y: -0, z: -0, w: 1}
  m_LocalPosition: {x: -0.0000001129582, y: -0.00000012410766, z: -0.32701343}
  m_LocalScale: {x: 1, y: 1, z: 1}
  m_Children: []
  m_Father: {fileID: 1290543939}
  m_RootOrder: 0
  m_LocalEulerAnglesHint: {x: 0, y: 0, z: 0}
--- !u!1001 &1407307054
Prefab:
  m_ObjectHideFlags: 0
  serializedVersion: 2
  m_Modification:
    m_TransformParent: {fileID: 0}
    m_Modifications:
    - target: {fileID: 400004, guid: 8423e2ecf1dbfb14c9464b97db88f431, type: 2}
      propertyPath: m_LocalPosition.x
      value: -.527553558
      objectReference: {fileID: 0}
    - target: {fileID: 400004, guid: 8423e2ecf1dbfb14c9464b97db88f431, type: 2}
      propertyPath: m_LocalPosition.y
      value: 0
      objectReference: {fileID: 0}
    - target: {fileID: 400004, guid: 8423e2ecf1dbfb14c9464b97db88f431, type: 2}
      propertyPath: m_LocalPosition.z
      value: -1.27305412
      objectReference: {fileID: 0}
    - target: {fileID: 400004, guid: 8423e2ecf1dbfb14c9464b97db88f431, type: 2}
      propertyPath: m_LocalRotation.x
      value: 0
      objectReference: {fileID: 0}
    - target: {fileID: 400004, guid: 8423e2ecf1dbfb14c9464b97db88f431, type: 2}
      propertyPath: m_LocalRotation.y
      value: -0
      objectReference: {fileID: 0}
    - target: {fileID: 400004, guid: 8423e2ecf1dbfb14c9464b97db88f431, type: 2}
      propertyPath: m_LocalRotation.z
      value: -0
      objectReference: {fileID: 0}
    - target: {fileID: 400004, guid: 8423e2ecf1dbfb14c9464b97db88f431, type: 2}
      propertyPath: m_LocalRotation.w
      value: 1
      objectReference: {fileID: 0}
    - target: {fileID: 400004, guid: 8423e2ecf1dbfb14c9464b97db88f431, type: 2}
      propertyPath: m_RootOrder
      value: 7
      objectReference: {fileID: 0}
    m_RemovedComponents: []
  m_SourcePrefab: {fileID: 100100000, guid: 8423e2ecf1dbfb14c9464b97db88f431, type: 2}
  m_RootGameObject: {fileID: 1970701934}
  m_IsPrefabAsset: 0
--- !u!1 &1443258673
GameObject:
  m_ObjectHideFlags: 0
  m_CorrespondingSourceObject: {fileID: 0}
  m_PrefabInternal: {fileID: 0}
  serializedVersion: 6
  m_Component:
  - component: {fileID: 1443258677}
  - component: {fileID: 1443258676}
  - component: {fileID: 1443258675}
  - component: {fileID: 1443258674}
  m_Layer: 0
  m_Name: Plane
  m_TagString: Untagged
  m_Icon: {fileID: 0}
  m_NavMeshLayer: 0
  m_StaticEditorFlags: 0
  m_IsActive: 1
--- !u!23 &1443258674
MeshRenderer:
  m_ObjectHideFlags: 0
  m_CorrespondingSourceObject: {fileID: 0}
  m_PrefabInternal: {fileID: 0}
  m_GameObject: {fileID: 1443258673}
  m_Enabled: 1
  m_CastShadows: 1
  m_ReceiveShadows: 1
  m_DynamicOccludee: 1
  m_MotionVectors: 1
  m_LightProbeUsage: 0
  m_ReflectionProbeUsage: 1
  m_RenderingLayerMask: 4294967295
  m_Materials:
  - {fileID: 2100000, guid: abe2ffc5b9444ef419cdd67bfd4024cd, type: 2}
  m_StaticBatchInfo:
    firstSubMesh: 0
    subMeshCount: 0
  m_StaticBatchRoot: {fileID: 0}
  m_ProbeAnchor: {fileID: 0}
  m_LightProbeVolumeOverride: {fileID: 0}
  m_ScaleInLightmap: 1
  m_PreserveUVs: 0
  m_IgnoreNormalsForChartDetection: 0
  m_ImportantGI: 0
  m_StitchLightmapSeams: 0
  m_SelectedEditorRenderState: 3
  m_MinimumChartSize: 4
  m_AutoUVMaxDistance: 0.5
  m_AutoUVMaxAngle: 89
  m_LightmapParameters: {fileID: 0}
  m_SortingLayerID: 0
  m_SortingLayer: 0
  m_SortingOrder: 0
--- !u!64 &1443258675
MeshCollider:
  m_ObjectHideFlags: 0
  m_CorrespondingSourceObject: {fileID: 0}
  m_PrefabInternal: {fileID: 0}
  m_GameObject: {fileID: 1443258673}
  m_Material: {fileID: 0}
  m_IsTrigger: 0
  m_Enabled: 1
  serializedVersion: 3
  m_Convex: 0
  m_CookingOptions: 14
  m_SkinWidth: 0.01
  m_Mesh: {fileID: 10209, guid: 0000000000000000e000000000000000, type: 0}
--- !u!33 &1443258676
MeshFilter:
  m_ObjectHideFlags: 0
  m_CorrespondingSourceObject: {fileID: 0}
  m_PrefabInternal: {fileID: 0}
  m_GameObject: {fileID: 1443258673}
  m_Mesh: {fileID: 10209, guid: 0000000000000000e000000000000000, type: 0}
--- !u!4 &1443258677
Transform:
  m_ObjectHideFlags: 0
  m_CorrespondingSourceObject: {fileID: 0}
  m_PrefabInternal: {fileID: 0}
  m_GameObject: {fileID: 1443258673}
  m_LocalRotation: {x: 0, y: 0, z: 0, w: 1}
  m_LocalPosition: {x: -0.1270752, y: -2.4780455, z: 0}
  m_LocalScale: {x: 2, y: 2, z: 2}
  m_Children: []
  m_Father: {fileID: 0}
  m_RootOrder: 3
  m_LocalEulerAnglesHint: {x: 0, y: 0, z: 0}
--- !u!1 &1520877326
GameObject:
  m_ObjectHideFlags: 0
  m_CorrespondingSourceObject: {fileID: 100002, guid: 2b0d9eeda2bd9e64fad7c5f1040f6f9b,
    type: 2}
  m_PrefabInternal: {fileID: 1843051709}
  serializedVersion: 6
  m_Component:
  - component: {fileID: 1520877327}
  - component: {fileID: 1520877329}
  - component: {fileID: 1520877328}
  m_Layer: 0
  m_Name: ang_sp_el2
  m_TagString: Untagged
  m_Icon: {fileID: 0}
  m_NavMeshLayer: 0
  m_StaticEditorFlags: 0
  m_IsActive: 1
--- !u!4 &1520877327
Transform:
  m_ObjectHideFlags: 0
  m_CorrespondingSourceObject: {fileID: 400002, guid: 2b0d9eeda2bd9e64fad7c5f1040f6f9b,
    type: 2}
  m_PrefabInternal: {fileID: 1843051709}
  m_GameObject: {fileID: 1520877326}
  m_LocalRotation: {x: 0, y: -0, z: -0, w: 1}
  m_LocalPosition: {x: 0.0000000062510948, y: 0.0000000025522109, z: 0.48108014}
  m_LocalScale: {x: 1, y: 1, z: 1}
  m_Children: []
  m_Father: {fileID: 1290543939}
  m_RootOrder: 1
  m_LocalEulerAnglesHint: {x: 0, y: 0, z: 0}
--- !u!23 &1520877328
MeshRenderer:
  m_ObjectHideFlags: 0
  m_CorrespondingSourceObject: {fileID: 2300002, guid: 2b0d9eeda2bd9e64fad7c5f1040f6f9b,
    type: 2}
  m_PrefabInternal: {fileID: 1843051709}
  m_GameObject: {fileID: 1520877326}
  m_Enabled: 1
  m_CastShadows: 1
  m_ReceiveShadows: 1
  m_DynamicOccludee: 1
  m_MotionVectors: 1
  m_LightProbeUsage: 0
  m_ReflectionProbeUsage: 1
  m_RenderingLayerMask: 4294967295
  m_Materials:
  - {fileID: 2100000, guid: f145bc68fb8b27d479369ca4685ba430, type: 2}
  m_StaticBatchInfo:
    firstSubMesh: 0
    subMeshCount: 0
  m_StaticBatchRoot: {fileID: 0}
  m_ProbeAnchor: {fileID: 0}
  m_LightProbeVolumeOverride: {fileID: 0}
  m_ScaleInLightmap: 1
  m_PreserveUVs: 0
  m_IgnoreNormalsForChartDetection: 0
  m_ImportantGI: 0
  m_StitchLightmapSeams: 0
  m_SelectedEditorRenderState: 3
  m_MinimumChartSize: 4
  m_AutoUVMaxDistance: 0.5
  m_AutoUVMaxAngle: 89
  m_LightmapParameters: {fileID: 0}
  m_SortingLayerID: 0
  m_SortingLayer: 0
  m_SortingOrder: 0
--- !u!33 &1520877329
MeshFilter:
  m_ObjectHideFlags: 0
  m_CorrespondingSourceObject: {fileID: 3300002, guid: 2b0d9eeda2bd9e64fad7c5f1040f6f9b,
    type: 2}
  m_PrefabInternal: {fileID: 1843051709}
  m_GameObject: {fileID: 1520877326}
  m_Mesh: {fileID: 4300002, guid: 37a3fd64d8ad79645b1f1301f856694e, type: 3}
--- !u!1 &1542182194
GameObject:
  m_ObjectHideFlags: 0
  m_CorrespondingSourceObject: {fileID: 100002, guid: 013d5c1c73490dd459cee408b13a6729,
    type: 2}
  m_PrefabInternal: {fileID: 1826338}
  serializedVersion: 6
  m_Component:
  - component: {fileID: 1542182197}
  - component: {fileID: 1542182196}
  - component: {fileID: 1542182195}
  m_Layer: 0
  m_Name: Dw_mace_el1
  m_TagString: Untagged
  m_Icon: {fileID: 0}
  m_NavMeshLayer: 0
  m_StaticEditorFlags: 0
  m_IsActive: 1
--- !u!23 &1542182195
MeshRenderer:
  m_ObjectHideFlags: 0
  m_CorrespondingSourceObject: {fileID: 2300002, guid: 013d5c1c73490dd459cee408b13a6729,
    type: 2}
  m_PrefabInternal: {fileID: 1826338}
  m_GameObject: {fileID: 1542182194}
  m_Enabled: 1
  m_CastShadows: 1
  m_ReceiveShadows: 1
  m_DynamicOccludee: 1
  m_MotionVectors: 1
  m_LightProbeUsage: 0
  m_ReflectionProbeUsage: 1
  m_RenderingLayerMask: 4294967295
  m_Materials:
  - {fileID: 2100000, guid: 6c9a32e4e17b9b140918e5d6fc4eeb2b, type: 2}
  m_StaticBatchInfo:
    firstSubMesh: 0
    subMeshCount: 0
  m_StaticBatchRoot: {fileID: 0}
  m_ProbeAnchor: {fileID: 0}
  m_LightProbeVolumeOverride: {fileID: 0}
  m_ScaleInLightmap: 1
  m_PreserveUVs: 0
  m_IgnoreNormalsForChartDetection: 0
  m_ImportantGI: 0
  m_StitchLightmapSeams: 0
  m_SelectedEditorRenderState: 3
  m_MinimumChartSize: 4
  m_AutoUVMaxDistance: 0.5
  m_AutoUVMaxAngle: 89
  m_LightmapParameters: {fileID: 0}
  m_SortingLayerID: 0
  m_SortingLayer: 0
  m_SortingOrder: 0
--- !u!33 &1542182196
MeshFilter:
  m_ObjectHideFlags: 0
  m_CorrespondingSourceObject: {fileID: 3300002, guid: 013d5c1c73490dd459cee408b13a6729,
    type: 2}
  m_PrefabInternal: {fileID: 1826338}
  m_GameObject: {fileID: 1542182194}
  m_Mesh: {fileID: 4300000, guid: 50a77300f473d86498e13a0a7984a3cd, type: 3}
--- !u!4 &1542182197
Transform:
  m_ObjectHideFlags: 0
  m_CorrespondingSourceObject: {fileID: 400002, guid: 013d5c1c73490dd459cee408b13a6729,
    type: 2}
  m_PrefabInternal: {fileID: 1826338}
  m_GameObject: {fileID: 1542182194}
  m_LocalRotation: {x: 0, y: -0, z: -0, w: 1}
  m_LocalPosition: {x: -5.443823e-11, y: -0.000000002526534, z: -0.20400527}
  m_LocalScale: {x: 1, y: 1, z: 1}
  m_Children: []
  m_Father: {fileID: 1987275388}
  m_RootOrder: 0
  m_LocalEulerAnglesHint: {x: 0, y: 0, z: 0}
--- !u!1 &1793093873
GameObject:
  m_ObjectHideFlags: 0
  m_CorrespondingSourceObject: {fileID: 100002, guid: 8423e2ecf1dbfb14c9464b97db88f431,
    type: 2}
  m_PrefabInternal: {fileID: 1407307054}
  serializedVersion: 6
  m_Component:
  - component: {fileID: 1793093874}
  - component: {fileID: 1793093876}
  - component: {fileID: 1793093875}
  m_Layer: 0
  m_Name: Dw_sw_el1
  m_TagString: Untagged
  m_Icon: {fileID: 0}
  m_NavMeshLayer: 0
  m_StaticEditorFlags: 0
  m_IsActive: 1
--- !u!4 &1793093874
Transform:
  m_ObjectHideFlags: 0
  m_CorrespondingSourceObject: {fileID: 400002, guid: 8423e2ecf1dbfb14c9464b97db88f431,
    type: 2}
  m_PrefabInternal: {fileID: 1407307054}
  m_GameObject: {fileID: 1793093873}
  m_LocalRotation: {x: 0, y: -0, z: -0, w: 1}
  m_LocalPosition: {x: 0.000000031595203, y: -0.00000003488624, z: -0.17447153}
  m_LocalScale: {x: 1, y: 1, z: 1}
  m_Children: []
  m_Father: {fileID: 1970701935}
  m_RootOrder: 0
  m_LocalEulerAnglesHint: {x: 0, y: 0, z: 0}
--- !u!23 &1793093875
MeshRenderer:
  m_ObjectHideFlags: 0
  m_CorrespondingSourceObject: {fileID: 2300002, guid: 8423e2ecf1dbfb14c9464b97db88f431,
    type: 2}
  m_PrefabInternal: {fileID: 1407307054}
  m_GameObject: {fileID: 1793093873}
  m_Enabled: 1
  m_CastShadows: 1
  m_ReceiveShadows: 1
  m_DynamicOccludee: 1
  m_MotionVectors: 1
  m_LightProbeUsage: 0
  m_ReflectionProbeUsage: 1
  m_RenderingLayerMask: 4294967295
  m_Materials:
  - {fileID: 2100000, guid: 51080be4e5c6d6c4095fe83effda246c, type: 2}
  m_StaticBatchInfo:
    firstSubMesh: 0
    subMeshCount: 0
  m_StaticBatchRoot: {fileID: 0}
  m_ProbeAnchor: {fileID: 0}
  m_LightProbeVolumeOverride: {fileID: 0}
  m_ScaleInLightmap: 1
  m_PreserveUVs: 0
  m_IgnoreNormalsForChartDetection: 0
  m_ImportantGI: 0
  m_StitchLightmapSeams: 0
  m_SelectedEditorRenderState: 3
  m_MinimumChartSize: 4
  m_AutoUVMaxDistance: 0.5
  m_AutoUVMaxAngle: 89
  m_LightmapParameters: {fileID: 0}
  m_SortingLayerID: 0
  m_SortingLayer: 0
  m_SortingOrder: 0
--- !u!33 &1793093876
MeshFilter:
  m_ObjectHideFlags: 0
  m_CorrespondingSourceObject: {fileID: 3300002, guid: 8423e2ecf1dbfb14c9464b97db88f431,
    type: 2}
  m_PrefabInternal: {fileID: 1407307054}
  m_GameObject: {fileID: 1793093873}
  m_Mesh: {fileID: 4300002, guid: b2da8e5171aaf5942b5e1ed6b8512e30, type: 3}
--- !u!1001 &1843051709
Prefab:
  m_ObjectHideFlags: 0
  serializedVersion: 2
  m_Modification:
    m_TransformParent: {fileID: 0}
    m_Modifications:
    - target: {fileID: 400006, guid: 2b0d9eeda2bd9e64fad7c5f1040f6f9b, type: 2}
      propertyPath: m_LocalPosition.x
      value: -2.22135377
      objectReference: {fileID: 0}
    - target: {fileID: 400006, guid: 2b0d9eeda2bd9e64fad7c5f1040f6f9b, type: 2}
      propertyPath: m_LocalPosition.y
      value: 0
      objectReference: {fileID: 0}
    - target: {fileID: 400006, guid: 2b0d9eeda2bd9e64fad7c5f1040f6f9b, type: 2}
      propertyPath: m_LocalPosition.z
      value: -1.55663872
      objectReference: {fileID: 0}
    - target: {fileID: 400006, guid: 2b0d9eeda2bd9e64fad7c5f1040f6f9b, type: 2}
      propertyPath: m_LocalRotation.x
      value: 0
      objectReference: {fileID: 0}
    - target: {fileID: 400006, guid: 2b0d9eeda2bd9e64fad7c5f1040f6f9b, type: 2}
      propertyPath: m_LocalRotation.y
      value: -0
      objectReference: {fileID: 0}
    - target: {fileID: 400006, guid: 2b0d9eeda2bd9e64fad7c5f1040f6f9b, type: 2}
      propertyPath: m_LocalRotation.z
      value: -0
      objectReference: {fileID: 0}
    - target: {fileID: 400006, guid: 2b0d9eeda2bd9e64fad7c5f1040f6f9b, type: 2}
      propertyPath: m_LocalRotation.w
      value: 1
      objectReference: {fileID: 0}
    - target: {fileID: 400006, guid: 2b0d9eeda2bd9e64fad7c5f1040f6f9b, type: 2}
      propertyPath: m_RootOrder
      value: 12
      objectReference: {fileID: 0}
    m_RemovedComponents: []
  m_SourcePrefab: {fileID: 100100000, guid: 2b0d9eeda2bd9e64fad7c5f1040f6f9b, type: 2}
  m_RootGameObject: {fileID: 1290543938}
  m_IsPrefabAsset: 0
--- !u!1 &1889968418
GameObject:
  m_ObjectHideFlags: 0
  m_CorrespondingSourceObject: {fileID: 0}
  m_PrefabInternal: {fileID: 0}
  serializedVersion: 6
  m_Component:
  - component: {fileID: 1889968422}
  - component: {fileID: 1889968421}
  - component: {fileID: 1889968420}
  - component: {fileID: 1889968419}
  m_Layer: 0
  m_Name: Plane
  m_TagString: Untagged
  m_Icon: {fileID: 0}
  m_NavMeshLayer: 0
  m_StaticEditorFlags: 0
  m_IsActive: 1
--- !u!23 &1889968419
MeshRenderer:
  m_ObjectHideFlags: 0
  m_CorrespondingSourceObject: {fileID: 0}
  m_PrefabInternal: {fileID: 0}
  m_GameObject: {fileID: 1889968418}
  m_Enabled: 1
  m_CastShadows: 1
  m_ReceiveShadows: 1
  m_DynamicOccludee: 1
  m_MotionVectors: 1
  m_LightProbeUsage: 0
  m_ReflectionProbeUsage: 1
  m_RenderingLayerMask: 4294967295
  m_Materials:
  - {fileID: 2100000, guid: 4f17e96acdabde94b9e1c1c73932fe92, type: 2}
  m_StaticBatchInfo:
    firstSubMesh: 0
    subMeshCount: 0
  m_StaticBatchRoot: {fileID: 0}
  m_ProbeAnchor: {fileID: 0}
  m_LightProbeVolumeOverride: {fileID: 0}
  m_ScaleInLightmap: 1
  m_PreserveUVs: 0
  m_IgnoreNormalsForChartDetection: 0
  m_ImportantGI: 0
  m_StitchLightmapSeams: 0
  m_SelectedEditorRenderState: 3
  m_MinimumChartSize: 4
  m_AutoUVMaxDistance: 0.5
  m_AutoUVMaxAngle: 89
  m_LightmapParameters: {fileID: 0}
  m_SortingLayerID: 0
  m_SortingLayer: 0
  m_SortingOrder: 0
--- !u!64 &1889968420
MeshCollider:
  m_ObjectHideFlags: 0
  m_CorrespondingSourceObject: {fileID: 0}
  m_PrefabInternal: {fileID: 0}
  m_GameObject: {fileID: 1889968418}
  m_Material: {fileID: 0}
  m_IsTrigger: 0
  m_Enabled: 1
  serializedVersion: 3
  m_Convex: 0
  m_CookingOptions: 14
  m_SkinWidth: 0.01
  m_Mesh: {fileID: 10209, guid: 0000000000000000e000000000000000, type: 0}
--- !u!33 &1889968421
MeshFilter:
  m_ObjectHideFlags: 0
  m_CorrespondingSourceObject: {fileID: 0}
  m_PrefabInternal: {fileID: 0}
  m_GameObject: {fileID: 1889968418}
  m_Mesh: {fileID: 10209, guid: 0000000000000000e000000000000000, type: 0}
--- !u!4 &1889968422
Transform:
  m_ObjectHideFlags: 0
  m_CorrespondingSourceObject: {fileID: 0}
  m_PrefabInternal: {fileID: 0}
  m_GameObject: {fileID: 1889968418}
  m_LocalRotation: {x: 0, y: 0, z: 0, w: 1}
  m_LocalPosition: {x: -0.45069885, y: -2.326828, z: -2.4656632}
  m_LocalScale: {x: 0.69582176, y: 0.69582176, z: 0.69582176}
  m_Children: []
  m_Father: {fileID: 0}
  m_RootOrder: 4
  m_LocalEulerAnglesHint: {x: 0, y: 0, z: 0}
--- !u!1 &1889978970
GameObject:
  m_ObjectHideFlags: 0
  m_CorrespondingSourceObject: {fileID: 100002, guid: b4ff22880a88b1d4d949ea12b5b50fe0,
    type: 2}
  m_PrefabInternal: {fileID: 2082061172}
  serializedVersion: 6
  m_Component:
  - component: {fileID: 1889978971}
  - component: {fileID: 1889978973}
  - component: {fileID: 1889978972}
  m_Layer: 0
  m_Name: cry_sw_el2
  m_TagString: Untagged
  m_Icon: {fileID: 0}
  m_NavMeshLayer: 0
  m_StaticEditorFlags: 0
  m_IsActive: 1
--- !u!4 &1889978971
Transform:
  m_ObjectHideFlags: 0
  m_CorrespondingSourceObject: {fileID: 400002, guid: b4ff22880a88b1d4d949ea12b5b50fe0,
    type: 2}
  m_PrefabInternal: {fileID: 2082061172}
  m_GameObject: {fileID: 1889978970}
  m_LocalRotation: {x: 0, y: -0, z: -0, w: 1}
  m_LocalPosition: {x: -0, y: 0, z: -0.17007665}
  m_LocalScale: {x: 1, y: 1, z: 1}
  m_Children: []
  m_Father: {fileID: 65147769}
  m_RootOrder: 1
  m_LocalEulerAnglesHint: {x: 0, y: 0, z: 0}
--- !u!23 &1889978972
MeshRenderer:
  m_ObjectHideFlags: 0
  m_CorrespondingSourceObject: {fileID: 2300002, guid: b4ff22880a88b1d4d949ea12b5b50fe0,
    type: 2}
  m_PrefabInternal: {fileID: 2082061172}
  m_GameObject: {fileID: 1889978970}
  m_Enabled: 1
  m_CastShadows: 1
  m_ReceiveShadows: 1
  m_DynamicOccludee: 1
  m_MotionVectors: 1
  m_LightProbeUsage: 0
  m_ReflectionProbeUsage: 1
  m_RenderingLayerMask: 4294967295
  m_Materials:
  - {fileID: 2100000, guid: 02118d2a6632a124db63c9cb394faeec, type: 2}
  m_StaticBatchInfo:
    firstSubMesh: 0
    subMeshCount: 0
  m_StaticBatchRoot: {fileID: 0}
  m_ProbeAnchor: {fileID: 0}
  m_LightProbeVolumeOverride: {fileID: 0}
  m_ScaleInLightmap: 1
  m_PreserveUVs: 0
  m_IgnoreNormalsForChartDetection: 0
  m_ImportantGI: 0
  m_StitchLightmapSeams: 0
  m_SelectedEditorRenderState: 3
  m_MinimumChartSize: 4
  m_AutoUVMaxDistance: 0.5
  m_AutoUVMaxAngle: 89
  m_LightmapParameters: {fileID: 0}
  m_SortingLayerID: 0
  m_SortingLayer: 0
  m_SortingOrder: 0
--- !u!33 &1889978973
MeshFilter:
  m_ObjectHideFlags: 0
  m_CorrespondingSourceObject: {fileID: 3300002, guid: b4ff22880a88b1d4d949ea12b5b50fe0,
    type: 2}
  m_PrefabInternal: {fileID: 2082061172}
  m_GameObject: {fileID: 1889978970}
  m_Mesh: {fileID: 4300004, guid: ced773a2bd022504980aad880596e6b3, type: 3}
--- !u!1 &1970701934
GameObject:
  m_ObjectHideFlags: 0
  m_CorrespondingSourceObject: {fileID: 100004, guid: 8423e2ecf1dbfb14c9464b97db88f431,
    type: 2}
  m_PrefabInternal: {fileID: 1407307054}
  serializedVersion: 6
  m_Component:
  - component: {fileID: 1970701935}
  m_Layer: 0
  m_Name: Dw_Sword
  m_TagString: Untagged
  m_Icon: {fileID: 0}
  m_NavMeshLayer: 0
  m_StaticEditorFlags: 0
  m_IsActive: 1
--- !u!4 &1970701935
Transform:
  m_ObjectHideFlags: 0
  m_CorrespondingSourceObject: {fileID: 400004, guid: 8423e2ecf1dbfb14c9464b97db88f431,
    type: 2}
  m_PrefabInternal: {fileID: 1407307054}
  m_GameObject: {fileID: 1970701934}
  m_LocalRotation: {x: 0, y: -0, z: -0, w: 1}
  m_LocalPosition: {x: -0.52755356, y: 0, z: -1.2730541}
  m_LocalScale: {x: 1, y: 1, z: 1}
  m_Children:
  - {fileID: 1793093874}
  - {fileID: 1166251863}
  m_Father: {fileID: 0}
  m_RootOrder: 7
  m_LocalEulerAnglesHint: {x: 0, y: 0, z: 0}
--- !u!1 &1980504289
GameObject:
  m_ObjectHideFlags: 0
  m_CorrespondingSourceObject: {fileID: 100000, guid: 5a55589790daf254894f1a20f5910b18,
    type: 2}
  m_PrefabInternal: {fileID: 1995664375}
  serializedVersion: 6
  m_Component:
  - component: {fileID: 1980504292}
  - component: {fileID: 1980504291}
  - component: {fileID: 1980504290}
  m_Layer: 0
  m_Name: Cry_mace_el3
  m_TagString: Untagged
  m_Icon: {fileID: 0}
  m_NavMeshLayer: 0
  m_StaticEditorFlags: 0
  m_IsActive: 1
--- !u!23 &1980504290
MeshRenderer:
  m_ObjectHideFlags: 0
  m_CorrespondingSourceObject: {fileID: 2300000, guid: 5a55589790daf254894f1a20f5910b18,
    type: 2}
  m_PrefabInternal: {fileID: 1995664375}
  m_GameObject: {fileID: 1980504289}
  m_Enabled: 1
  m_CastShadows: 1
  m_ReceiveShadows: 1
  m_DynamicOccludee: 1
  m_MotionVectors: 1
  m_LightProbeUsage: 0
  m_ReflectionProbeUsage: 1
  m_RenderingLayerMask: 4294967295
  m_Materials:
  - {fileID: 2100000, guid: 4f96dedead6cb6e49878c98224a043a0, type: 2}
  m_StaticBatchInfo:
    firstSubMesh: 0
    subMeshCount: 0
  m_StaticBatchRoot: {fileID: 0}
  m_ProbeAnchor: {fileID: 0}
  m_LightProbeVolumeOverride: {fileID: 0}
  m_ScaleInLightmap: 1
  m_PreserveUVs: 0
  m_IgnoreNormalsForChartDetection: 0
  m_ImportantGI: 0
  m_StitchLightmapSeams: 0
  m_SelectedEditorRenderState: 3
  m_MinimumChartSize: 4
  m_AutoUVMaxDistance: 0.5
  m_AutoUVMaxAngle: 89
  m_LightmapParameters: {fileID: 0}
  m_SortingLayerID: 0
  m_SortingLayer: 0
  m_SortingOrder: 0
--- !u!33 &1980504291
MeshFilter:
  m_ObjectHideFlags: 0
  m_CorrespondingSourceObject: {fileID: 3300000, guid: 5a55589790daf254894f1a20f5910b18,
    type: 2}
  m_PrefabInternal: {fileID: 1995664375}
  m_GameObject: {fileID: 1980504289}
  m_Mesh: {fileID: 4300004, guid: 751ae593124a268438a84891188224e7, type: 3}
--- !u!4 &1980504292
Transform:
  m_ObjectHideFlags: 0
  m_CorrespondingSourceObject: {fileID: 400000, guid: 5a55589790daf254894f1a20f5910b18,
    type: 2}
  m_PrefabInternal: {fileID: 1995664375}
  m_GameObject: {fileID: 1980504289}
  m_LocalRotation: {x: 0, y: -0, z: -0, w: 1}
  m_LocalPosition: {x: 0.0010981523, y: 0.0011315718, z: -0.6485865}
  m_LocalScale: {x: 1, y: 1, z: 1}
  m_Children: []
  m_Father: {fileID: 1203486072}
  m_RootOrder: 2
  m_LocalEulerAnglesHint: {x: 0, y: 0, z: 0}
--- !u!1 &1987275387
GameObject:
  m_ObjectHideFlags: 0
  m_CorrespondingSourceObject: {fileID: 100004, guid: 013d5c1c73490dd459cee408b13a6729,
    type: 2}
  m_PrefabInternal: {fileID: 1826338}
  serializedVersion: 6
  m_Component:
  - component: {fileID: 1987275388}
  m_Layer: 0
  m_Name: Dw_Mace
  m_TagString: Untagged
  m_Icon: {fileID: 0}
  m_NavMeshLayer: 0
  m_StaticEditorFlags: 0
  m_IsActive: 1
--- !u!4 &1987275388
Transform:
  m_ObjectHideFlags: 0
  m_CorrespondingSourceObject: {fileID: 400004, guid: 013d5c1c73490dd459cee408b13a6729,
    type: 2}
  m_PrefabInternal: {fileID: 1826338}
  m_GameObject: {fileID: 1987275387}
  m_LocalRotation: {x: 0, y: -0, z: -0, w: 1}
  m_LocalPosition: {x: 0.0027557611, y: 0, z: -1.3380427}
  m_LocalScale: {x: 1, y: 1, z: 1}
  m_Children:
  - {fileID: 1542182197}
  - {fileID: 593341215}
  m_Father: {fileID: 0}
  m_RootOrder: 11
  m_LocalEulerAnglesHint: {x: 0, y: 0, z: 0}
--- !u!1001 &1995664375
Prefab:
  m_ObjectHideFlags: 0
  serializedVersion: 2
  m_Modification:
    m_TransformParent: {fileID: 0}
    m_Modifications:
    - target: {fileID: 400006, guid: 5a55589790daf254894f1a20f5910b18, type: 2}
      propertyPath: m_LocalPosition.x
      value: .738614559
      objectReference: {fileID: 0}
    - target: {fileID: 400006, guid: 5a55589790daf254894f1a20f5910b18, type: 2}
      propertyPath: m_LocalPosition.y
      value: 0
      objectReference: {fileID: 0}
    - target: {fileID: 400006, guid: 5a55589790daf254894f1a20f5910b18, type: 2}
      propertyPath: m_LocalPosition.z
      value: -1.48965979
      objectReference: {fileID: 0}
    - target: {fileID: 400006, guid: 5a55589790daf254894f1a20f5910b18, type: 2}
      propertyPath: m_LocalRotation.x
      value: 0
      objectReference: {fileID: 0}
    - target: {fileID: 400006, guid: 5a55589790daf254894f1a20f5910b18, type: 2}
      propertyPath: m_LocalRotation.y
      value: -0
      objectReference: {fileID: 0}
    - target: {fileID: 400006, guid: 5a55589790daf254894f1a20f5910b18, type: 2}
      propertyPath: m_LocalRotation.z
      value: -0
      objectReference: {fileID: 0}
    - target: {fileID: 400006, guid: 5a55589790daf254894f1a20f5910b18, type: 2}
      propertyPath: m_LocalRotation.w
      value: 1
      objectReference: {fileID: 0}
    - target: {fileID: 400006, guid: 5a55589790daf254894f1a20f5910b18, type: 2}
      propertyPath: m_RootOrder
      value: 8
      objectReference: {fileID: 0}
    m_RemovedComponents: []
  m_SourcePrefab: {fileID: 100100000, guid: 5a55589790daf254894f1a20f5910b18, type: 2}
  m_RootGameObject: {fileID: 1203486071}
  m_IsPrefabAsset: 0
--- !u!1 &2049644829
GameObject:
  m_ObjectHideFlags: 0
  m_CorrespondingSourceObject: {fileID: 0}
  m_PrefabInternal: {fileID: 0}
  serializedVersion: 6
  m_Component:
  - component: {fileID: 2049644830}
  - component: {fileID: 2049644831}
  m_Layer: 0
  m_Name: _screen
  m_TagString: Untagged
  m_Icon: {fileID: 0}
  m_NavMeshLayer: 0
  m_StaticEditorFlags: 0
  m_IsActive: 1
--- !u!4 &2049644830
Transform:
  m_ObjectHideFlags: 0
  m_CorrespondingSourceObject: {fileID: 0}
  m_PrefabInternal: {fileID: 0}
  m_GameObject: {fileID: 2049644829}
  m_LocalRotation: {x: 0, y: 0, z: 0, w: 1}
  m_LocalPosition: {x: -175.95381, y: 1.697237, z: -2.228756}
  m_LocalScale: {x: 1, y: 1, z: 1}
  m_Children: []
  m_Father: {fileID: 0}
  m_RootOrder: 0
  m_LocalEulerAnglesHint: {x: 0, y: 0, z: 0}
--- !u!114 &2049644831
MonoBehaviour:
  m_ObjectHideFlags: 0
  m_CorrespondingSourceObject: {fileID: 0}
  m_PrefabInternal: {fileID: 0}
  m_GameObject: {fileID: 2049644829}
  m_Enabled: 1
  m_EditorHideFlags: 0
  m_Script: {fileID: 11500000, guid: fb14e908c48c33a4e9d5964f501ea029, type: 3}
  m_Name: 
  m_EditorClassIdentifier: 
--- !u!1001 &2082061172
Prefab:
  m_ObjectHideFlags: 0
  serializedVersion: 2
  m_Modification:
    m_TransformParent: {fileID: 0}
    m_Modifications:
    - target: {fileID: 400006, guid: b4ff22880a88b1d4d949ea12b5b50fe0, type: 2}
      propertyPath: m_LocalPosition.x
      value: 1.28362393
      objectReference: {fileID: 0}
    - target: {fileID: 400006, guid: b4ff22880a88b1d4d949ea12b5b50fe0, type: 2}
      propertyPath: m_LocalPosition.y
      value: 0
      objectReference: {fileID: 0}
    - target: {fileID: 400006, guid: b4ff22880a88b1d4d949ea12b5b50fe0, type: 2}
      propertyPath: m_LocalPosition.z
      value: -1.29421568
      objectReference: {fileID: 0}
    - target: {fileID: 400006, guid: b4ff22880a88b1d4d949ea12b5b50fe0, type: 2}
      propertyPath: m_LocalRotation.x
      value: 0
      objectReference: {fileID: 0}
    - target: {fileID: 400006, guid: b4ff22880a88b1d4d949ea12b5b50fe0, type: 2}
      propertyPath: m_LocalRotation.y
      value: -0
      objectReference: {fileID: 0}
    - target: {fileID: 400006, guid: b4ff22880a88b1d4d949ea12b5b50fe0, type: 2}
      propertyPath: m_LocalRotation.z
      value: -0
      objectReference: {fileID: 0}
    - target: {fileID: 400006, guid: b4ff22880a88b1d4d949ea12b5b50fe0, type: 2}
      propertyPath: m_LocalRotation.w
      value: 1
      objectReference: {fileID: 0}
    - target: {fileID: 400006, guid: b4ff22880a88b1d4d949ea12b5b50fe0, type: 2}
      propertyPath: m_RootOrder
      value: 6
      objectReference: {fileID: 0}
    m_RemovedComponents: []
  m_SourcePrefab: {fileID: 100100000, guid: b4ff22880a88b1d4d949ea12b5b50fe0, type: 2}
  m_RootGameObject: {fileID: 65147768}
  m_IsPrefabAsset: 0
--- !u!1001 &2132835294
Prefab:
  m_ObjectHideFlags: 0
  serializedVersion: 2
  m_Modification:
    m_TransformParent: {fileID: 0}
    m_Modifications:
    - target: {fileID: 400000, guid: bd60ead43ad29bd47ac4e05866e4fe06, type: 2}
      propertyPath: m_LocalPosition.x
      value: -1.08854055
      objectReference: {fileID: 0}
    - target: {fileID: 400000, guid: bd60ead43ad29bd47ac4e05866e4fe06, type: 2}
      propertyPath: m_LocalPosition.y
      value: 0
      objectReference: {fileID: 0}
    - target: {fileID: 400000, guid: bd60ead43ad29bd47ac4e05866e4fe06, type: 2}
      propertyPath: m_LocalPosition.z
      value: -1.68441868
      objectReference: {fileID: 0}
    - target: {fileID: 400000, guid: bd60ead43ad29bd47ac4e05866e4fe06, type: 2}
      propertyPath: m_LocalRotation.x
      value: 0
      objectReference: {fileID: 0}
    - target: {fileID: 400000, guid: bd60ead43ad29bd47ac4e05866e4fe06, type: 2}
      propertyPath: m_LocalRotation.y
      value: -0
      objectReference: {fileID: 0}
    - target: {fileID: 400000, guid: bd60ead43ad29bd47ac4e05866e4fe06, type: 2}
      propertyPath: m_LocalRotation.z
      value: -0
      objectReference: {fileID: 0}
    - target: {fileID: 400000, guid: bd60ead43ad29bd47ac4e05866e4fe06, type: 2}
      propertyPath: m_LocalRotation.w
      value: 1
      objectReference: {fileID: 0}
    - target: {fileID: 400000, guid: bd60ead43ad29bd47ac4e05866e4fe06, type: 2}
      propertyPath: m_RootOrder
      value: 9
      objectReference: {fileID: 0}
    m_RemovedComponents: []
  m_SourcePrefab: {fileID: 100100000, guid: bd60ead43ad29bd47ac4e05866e4fe06, type: 2}
  m_RootGameObject: {fileID: 864968933}
  m_IsPrefabAsset: 0
