%YAML 1.1
%TAG !u! tag:unity3d.com,2011:
--- !u!1001 &100100000
Prefab:
  m_ObjectHideFlags: 1
  serializedVersion: 2
  m_Modification:
    m_TransformParent: {fileID: 0}
    m_Modifications: []
    m_RemovedComponents: []
  m_SourcePrefab: {fileID: 0}
  m_RootGameObject: {fileID: 1643910726283698}
  m_IsPrefabAsset: 1
--- !u!1 &1001189640015280
GameObject:
  m_ObjectHideFlags: 0
  m_CorrespondingSourceObject: {fileID: 0}
  m_PrefabInternal: {fileID: 100100000}
  serializedVersion: 6
  m_Component:
  - component: {fileID: 4079043596866596}
  - component: {fileID: 137857434856938960}
  m_Layer: 0
  m_Name: barbarian_fat
  m_TagString: Untagged
  m_Icon: {fileID: 0}
  m_NavMeshLayer: 0
  m_StaticEditorFlags: 0
  m_IsActive: 1
--- !u!1 &1011102504649610
GameObject:
  m_ObjectHideFlags: 1
  m_CorrespondingSourceObject: {fileID: 0}
  m_PrefabInternal: {fileID: 100100000}
  serializedVersion: 6
  m_Component:
  - component: {fileID: 4851892561561324}
  m_Layer: 0
  m_Name: BarbarianRFoot
  m_TagString: Untagged
  m_Icon: {fileID: 0}
  m_NavMeshLayer: 0
  m_StaticEditorFlags: 0
  m_IsActive: 1
--- !u!1 &1016408092276288
GameObject:
  m_ObjectHideFlags: 1
  m_CorrespondingSourceObject: {fileID: 0}
  m_PrefabInternal: {fileID: 100100000}
  serializedVersion: 6
  m_Component:
  - component: {fileID: 4049046178689774}
  m_Layer: 0
  m_Name: BarbarianRDigit33
  m_TagString: Untagged
  m_Icon: {fileID: 0}
  m_NavMeshLayer: 0
  m_StaticEditorFlags: 0
  m_IsActive: 1
--- !u!1 &1023190422040870
GameObject:
  m_ObjectHideFlags: 1
  m_CorrespondingSourceObject: {fileID: 0}
  m_PrefabInternal: {fileID: 100100000}
  serializedVersion: 6
  m_Component:
  - component: {fileID: 4171750517323592}
  m_Layer: 0
  m_Name: BarbarianNeck
  m_TagString: Untagged
  m_Icon: {fileID: 0}
  m_NavMeshLayer: 0
  m_StaticEditorFlags: 0
  m_IsActive: 1
--- !u!1 &1037683860768280
GameObject:
  m_ObjectHideFlags: 1
  m_CorrespondingSourceObject: {fileID: 0}
  m_PrefabInternal: {fileID: 100100000}
  serializedVersion: 6
  m_Component:
  - component: {fileID: 4648350870268316}
  m_Layer: 0
  m_Name: pivotPoint
  m_TagString: Untagged
  m_Icon: {fileID: 0}
  m_NavMeshLayer: 0
  m_StaticEditorFlags: 0
  m_IsActive: 1
--- !u!1 &1041327596092768
GameObject:
  m_ObjectHideFlags: 1
  m_CorrespondingSourceObject: {fileID: 0}
  m_PrefabInternal: {fileID: 100100000}
  serializedVersion: 6
  m_Component:
  - component: {fileID: 4513985398077178}
  m_Layer: 0
  m_Name: BarbarianRThigh
  m_TagString: Untagged
  m_Icon: {fileID: 0}
  m_NavMeshLayer: 0
  m_StaticEditorFlags: 0
  m_IsActive: 1
--- !u!1 &1049052641712758
GameObject:
  m_ObjectHideFlags: 1
  m_CorrespondingSourceObject: {fileID: 0}
  m_PrefabInternal: {fileID: 100100000}
  serializedVersion: 6
  m_Component:
  - component: {fileID: 4008680508871770}
  m_Layer: 0
  m_Name: BarbarianLDigit32
  m_TagString: Untagged
  m_Icon: {fileID: 0}
  m_NavMeshLayer: 0
  m_StaticEditorFlags: 0
  m_IsActive: 1
--- !u!1 &1050751075102558
GameObject:
  m_ObjectHideFlags: 1
  m_CorrespondingSourceObject: {fileID: 0}
  m_PrefabInternal: {fileID: 100100000}
  serializedVersion: 6
  m_Component:
  - component: {fileID: 4284676481949348}
  - component: {fileID: 114817849608840410}
  m_Layer: 0
  m_Name: bon_gob_war_jaw
  m_TagString: Untagged
  m_Icon: {fileID: 0}
  m_NavMeshLayer: 0
  m_StaticEditorFlags: 0
  m_IsActive: 1
--- !u!1 &1056214337845900
GameObject:
  m_ObjectHideFlags: 1
  m_CorrespondingSourceObject: {fileID: 0}
  m_PrefabInternal: {fileID: 100100000}
  serializedVersion: 6
  m_Component:
  - component: {fileID: 4706531675259326}
  m_Layer: 0
  m_Name: BarbarianRDigit31
  m_TagString: Untagged
  m_Icon: {fileID: 0}
  m_NavMeshLayer: 0
  m_StaticEditorFlags: 0
  m_IsActive: 1
--- !u!1 &1093999382153270
GameObject:
  m_ObjectHideFlags: 1
  m_CorrespondingSourceObject: {fileID: 0}
  m_PrefabInternal: {fileID: 100100000}
  serializedVersion: 6
  m_Component:
  - component: {fileID: 4517492928469124}
  m_Layer: 0
  m_Name: BarbarianSpine2
  m_TagString: Untagged
  m_Icon: {fileID: 0}
  m_NavMeshLayer: 0
  m_StaticEditorFlags: 0
  m_IsActive: 1
--- !u!1 &1101549996433012
GameObject:
  m_ObjectHideFlags: 1
  m_CorrespondingSourceObject: {fileID: 0}
  m_PrefabInternal: {fileID: 100100000}
  serializedVersion: 6
  m_Component:
  - component: {fileID: 4123507908766360}
  m_Layer: 0
  m_Name: BarbarianRibcage
  m_TagString: Untagged
  m_Icon: {fileID: 0}
  m_NavMeshLayer: 0
  m_StaticEditorFlags: 0
  m_IsActive: 1
--- !u!1 &1112355772192550
GameObject:
  m_ObjectHideFlags: 1
  m_CorrespondingSourceObject: {fileID: 0}
  m_PrefabInternal: {fileID: 100100000}
  serializedVersion: 6
  m_Component:
  - component: {fileID: 4617754787018858}
  m_Layer: 0
  m_Name: BarbarianLDigit23
  m_TagString: Untagged
  m_Icon: {fileID: 0}
  m_NavMeshLayer: 0
  m_StaticEditorFlags: 0
  m_IsActive: 1
--- !u!1 &1143773083736444
GameObject:
  m_ObjectHideFlags: 1
  m_CorrespondingSourceObject: {fileID: 0}
  m_PrefabInternal: {fileID: 100100000}
  serializedVersion: 6
  m_Component:
  - component: {fileID: 4157004541361076}
  m_Layer: 0
  m_Name: BarbarianLDigit33
  m_TagString: Untagged
  m_Icon: {fileID: 0}
  m_NavMeshLayer: 0
  m_StaticEditorFlags: 0
  m_IsActive: 1
--- !u!1 &1153451482169688
GameObject:
  m_ObjectHideFlags: 1
  m_CorrespondingSourceObject: {fileID: 0}
  m_PrefabInternal: {fileID: 100100000}
  serializedVersion: 6
  m_Component:
  - component: {fileID: 4725290245454192}
  m_Layer: 0
  m_Name: pivotPoint
  m_TagString: Untagged
  m_Icon: {fileID: 0}
  m_NavMeshLayer: 0
  m_StaticEditorFlags: 0
  m_IsActive: 1
--- !u!1 &1153897914460306
GameObject:
  m_ObjectHideFlags: 1
  m_CorrespondingSourceObject: {fileID: 0}
  m_PrefabInternal: {fileID: 100100000}
  serializedVersion: 6
  m_Component:
  - component: {fileID: 4465841072621564}
  m_Layer: 0
  m_Name: BarbarianLDigit31
  m_TagString: Untagged
  m_Icon: {fileID: 0}
  m_NavMeshLayer: 0
  m_StaticEditorFlags: 0
  m_IsActive: 1
--- !u!1 &1162722500251404
GameObject:
  m_ObjectHideFlags: 1
  m_CorrespondingSourceObject: {fileID: 0}
  m_PrefabInternal: {fileID: 100100000}
  serializedVersion: 6
  m_Component:
  - component: {fileID: 4770086911959418}
  m_Layer: 0
  m_Name: BarbarianLDigit12
  m_TagString: Untagged
  m_Icon: {fileID: 0}
  m_NavMeshLayer: 0
  m_StaticEditorFlags: 0
  m_IsActive: 1
--- !u!1 &1191643904438408
GameObject:
  m_ObjectHideFlags: 1
  m_CorrespondingSourceObject: {fileID: 0}
  m_PrefabInternal: {fileID: 100100000}
  serializedVersion: 6
  m_Component:
  - component: {fileID: 4475981679864586}
  m_Layer: 0
  m_Name: BarbarianLDigit11
  m_TagString: Untagged
  m_Icon: {fileID: 0}
  m_NavMeshLayer: 0
  m_StaticEditorFlags: 0
  m_IsActive: 1
--- !u!1 &1202910144291526
GameObject:
  m_ObjectHideFlags: 1
  m_CorrespondingSourceObject: {fileID: 0}
  m_PrefabInternal: {fileID: 100100000}
  serializedVersion: 6
  m_Component:
  - component: {fileID: 4863277092287728}
  m_Layer: 0
  m_Name: BarbarianRDigit22
  m_TagString: Untagged
  m_Icon: {fileID: 0}
  m_NavMeshLayer: 0
  m_StaticEditorFlags: 0
  m_IsActive: 1
--- !u!1 &1239143575153268
GameObject:
  m_ObjectHideFlags: 1
  m_CorrespondingSourceObject: {fileID: 0}
  m_PrefabInternal: {fileID: 100100000}
  serializedVersion: 6
  m_Component:
  - component: {fileID: 4679943564214530}
  m_Layer: 0
  m_Name: BarbarianRDigit12
  m_TagString: Untagged
  m_Icon: {fileID: 0}
  m_NavMeshLayer: 0
  m_StaticEditorFlags: 0
  m_IsActive: 1
--- !u!1 &1248133811037876
GameObject:
  m_ObjectHideFlags: 1
  m_CorrespondingSourceObject: {fileID: 0}
  m_PrefabInternal: {fileID: 100100000}
  serializedVersion: 6
  m_Component:
  - component: {fileID: 4400859571335768}
  m_Layer: 0
  m_Name: BarbarianRCalf
  m_TagString: Untagged
  m_Icon: {fileID: 0}
  m_NavMeshLayer: 0
  m_StaticEditorFlags: 0
  m_IsActive: 1
--- !u!1 &1253424509896882
GameObject:
  m_ObjectHideFlags: 1
  m_CorrespondingSourceObject: {fileID: 0}
  m_PrefabInternal: {fileID: 100100000}
  serializedVersion: 6
  m_Component:
  - component: {fileID: 4212419263306134}
  m_Layer: 0
  m_Name: pivotPoint
  m_TagString: Untagged
  m_Icon: {fileID: 0}
  m_NavMeshLayer: 0
  m_StaticEditorFlags: 0
  m_IsActive: 1
--- !u!1 &1254425152899922
GameObject:
  m_ObjectHideFlags: 1
  m_CorrespondingSourceObject: {fileID: 0}
  m_PrefabInternal: {fileID: 100100000}
  serializedVersion: 6
  m_Component:
  - component: {fileID: 4455747077929358}
  m_Layer: 0
  m_Name: Barbariancloth_front
  m_TagString: Untagged
  m_Icon: {fileID: 0}
  m_NavMeshLayer: 0
  m_StaticEditorFlags: 0
  m_IsActive: 1
--- !u!1 &1264599250191346
GameObject:
  m_ObjectHideFlags: 1
  m_CorrespondingSourceObject: {fileID: 0}
  m_PrefabInternal: {fileID: 100100000}
  serializedVersion: 6
  m_Component:
  - component: {fileID: 4196161165815048}
  m_Layer: 0
  m_Name: Barbariancloth_back
  m_TagString: Untagged
  m_Icon: {fileID: 0}
  m_NavMeshLayer: 0
  m_StaticEditorFlags: 0
  m_IsActive: 1
--- !u!1 &1273761852939098
GameObject:
  m_ObjectHideFlags: 1
  m_CorrespondingSourceObject: {fileID: 0}
  m_PrefabInternal: {fileID: 100100000}
  serializedVersion: 6
  m_Component:
  - component: {fileID: 4124471596392848}
  m_Layer: 0
  m_Name: BarbarianRDigit21
  m_TagString: Untagged
  m_Icon: {fileID: 0}
  m_NavMeshLayer: 0
  m_StaticEditorFlags: 0
  m_IsActive: 1
--- !u!1 &1333848535483758
GameObject:
  m_ObjectHideFlags: 1
  m_CorrespondingSourceObject: {fileID: 0}
  m_PrefabInternal: {fileID: 100100000}
  serializedVersion: 6
  m_Component:
  - component: {fileID: 4208568337422974}
  m_Layer: 0
  m_Name: pivotPoint
  m_TagString: Untagged
  m_Icon: {fileID: 0}
  m_NavMeshLayer: 0
  m_StaticEditorFlags: 0
  m_IsActive: 1
--- !u!1 &1373472045221002
GameObject:
  m_ObjectHideFlags: 0
  m_CorrespondingSourceObject: {fileID: 0}
  m_PrefabInternal: {fileID: 100100000}
  serializedVersion: 6
  m_Component:
  - component: {fileID: 4579253179688400}
  m_Layer: 0
  m_Name: BarbarianPelvis
  m_TagString: Untagged
  m_Icon: {fileID: 0}
  m_NavMeshLayer: 0
  m_StaticEditorFlags: 0
  m_IsActive: 1
--- !u!1 &1383611957374160
GameObject:
  m_ObjectHideFlags: 1
  m_CorrespondingSourceObject: {fileID: 0}
  m_PrefabInternal: {fileID: 100100000}
  serializedVersion: 6
  m_Component:
  - component: {fileID: 4997812030229030}
  m_Layer: 0
  m_Name: BarbarianLDigit22
  m_TagString: Untagged
  m_Icon: {fileID: 0}
  m_NavMeshLayer: 0
  m_StaticEditorFlags: 0
  m_IsActive: 1
--- !u!1 &1488907094567232
GameObject:
  m_ObjectHideFlags: 1
  m_CorrespondingSourceObject: {fileID: 0}
  m_PrefabInternal: {fileID: 100100000}
  serializedVersion: 6
  m_Component:
  - component: {fileID: 4553204591175672}
  m_Layer: 0
  m_Name: BarbarianRCollarbone
  m_TagString: Untagged
  m_Icon: {fileID: 0}
  m_NavMeshLayer: 0
  m_StaticEditorFlags: 0
  m_IsActive: 1
--- !u!1 &1501084377843304
GameObject:
  m_ObjectHideFlags: 1
  m_CorrespondingSourceObject: {fileID: 0}
  m_PrefabInternal: {fileID: 100100000}
  serializedVersion: 6
  m_Component:
  - component: {fileID: 4163195955219446}
  m_Layer: 0
  m_Name: BarbarianLDigit13
  m_TagString: Untagged
  m_Icon: {fileID: 0}
  m_NavMeshLayer: 0
  m_StaticEditorFlags: 0
  m_IsActive: 1
--- !u!1 &1515649914087574
GameObject:
  m_ObjectHideFlags: 1
  m_CorrespondingSourceObject: {fileID: 0}
  m_PrefabInternal: {fileID: 100100000}
  serializedVersion: 6
  m_Component:
  - component: {fileID: 4011825512005010}
  m_Layer: 0
  m_Name: BarbarianLUpperarm
  m_TagString: Untagged
  m_Icon: {fileID: 0}
  m_NavMeshLayer: 0
  m_StaticEditorFlags: 0
  m_IsActive: 1
--- !u!1 &1555152155643476
GameObject:
  m_ObjectHideFlags: 1
  m_CorrespondingSourceObject: {fileID: 0}
  m_PrefabInternal: {fileID: 100100000}
  serializedVersion: 6
  m_Component:
  - component: {fileID: 4512034270026064}
  m_Layer: 0
  m_Name: BarbarianLDigit11 1
  m_TagString: Untagged
  m_Icon: {fileID: 0}
  m_NavMeshLayer: 0
  m_StaticEditorFlags: 0
  m_IsActive: 1
--- !u!1 &1613467377719566
GameObject:
  m_ObjectHideFlags: 1
  m_CorrespondingSourceObject: {fileID: 0}
  m_PrefabInternal: {fileID: 100100000}
  serializedVersion: 6
  m_Component:
  - component: {fileID: 4931861613808078}
  m_Layer: 0
  m_Name: BarbarianHead
  m_TagString: Untagged
  m_Icon: {fileID: 0}
  m_NavMeshLayer: 0
  m_StaticEditorFlags: 0
  m_IsActive: 1
--- !u!1 &1615668904956262
GameObject:
  m_ObjectHideFlags: 1
  m_CorrespondingSourceObject: {fileID: 0}
  m_PrefabInternal: {fileID: 100100000}
  serializedVersion: 6
  m_Component:
  - component: {fileID: 4242537115486252}
  m_Layer: 0
  m_Name: BarbarianRUpperarm
  m_TagString: Untagged
  m_Icon: {fileID: 0}
  m_NavMeshLayer: 0
  m_StaticEditorFlags: 0
  m_IsActive: 1
--- !u!1 &1627322691235898
GameObject:
  m_ObjectHideFlags: 1
  m_CorrespondingSourceObject: {fileID: 0}
  m_PrefabInternal: {fileID: 100100000}
  serializedVersion: 6
  m_Component:
  - component: {fileID: 4040052220151562}
  m_Layer: 0
  m_Name: BarbarianRDigit11 1
  m_TagString: Untagged
  m_Icon: {fileID: 0}
  m_NavMeshLayer: 0
  m_StaticEditorFlags: 0
  m_IsActive: 1
--- !u!1 &1635239683500776
GameObject:
  m_ObjectHideFlags: 1
  m_CorrespondingSourceObject: {fileID: 0}
  m_PrefabInternal: {fileID: 100100000}
  serializedVersion: 6
  m_Component:
  - component: {fileID: 4006716264454992}
  m_Layer: 0
  m_Name: BarbarianRDigit13
  m_TagString: Untagged
  m_Icon: {fileID: 0}
  m_NavMeshLayer: 0
  m_StaticEditorFlags: 0
  m_IsActive: 1
--- !u!1 &1641031767947998
GameObject:
  m_ObjectHideFlags: 1
  m_CorrespondingSourceObject: {fileID: 0}
  m_PrefabInternal: {fileID: 100100000}
  serializedVersion: 6
  m_Component:
  - component: {fileID: 4946738851107430}
  m_Layer: 0
  m_Name: bon_gob_war_face
  m_TagString: Untagged
  m_Icon: {fileID: 0}
  m_NavMeshLayer: 0
  m_StaticEditorFlags: 0
  m_IsActive: 1
--- !u!1 &1643910726283698
GameObject:
  m_ObjectHideFlags: 0
  m_CorrespondingSourceObject: {fileID: 0}
  m_PrefabInternal: {fileID: 100100000}
  serializedVersion: 6
  m_Component:
  - component: {fileID: 4113911922060054}
  - component: {fileID: 95091275767071118}
  - component: {fileID: 114741187989624784}
  m_Layer: 0
  m_Name: Ggaresk
  m_TagString: Untagged
  m_Icon: {fileID: 0}
  m_NavMeshLayer: 0
  m_StaticEditorFlags: 0
  m_IsActive: 1
--- !u!1 &1646404011009972
GameObject:
  m_ObjectHideFlags: 1
  m_CorrespondingSourceObject: {fileID: 0}
  m_PrefabInternal: {fileID: 100100000}
  serializedVersion: 6
  m_Component:
  - component: {fileID: 4165328951171646}
  m_Layer: 0
  m_Name: BarbarianRDigit11
  m_TagString: Untagged
  m_Icon: {fileID: 0}
  m_NavMeshLayer: 0
  m_StaticEditorFlags: 0
  m_IsActive: 1
--- !u!1 &1659920783465506
GameObject:
  m_ObjectHideFlags: 1
  m_CorrespondingSourceObject: {fileID: 0}
  m_PrefabInternal: {fileID: 100100000}
  serializedVersion: 6
  m_Component:
  - component: {fileID: 4448707257226556}
  m_Layer: 0
  m_Name: Barbarian_weaponL
  m_TagString: Untagged
  m_Icon: {fileID: 0}
  m_NavMeshLayer: 0
  m_StaticEditorFlags: 0
  m_IsActive: 1
--- !u!1 &1700015224819164
GameObject:
  m_ObjectHideFlags: 1
  m_CorrespondingSourceObject: {fileID: 0}
  m_PrefabInternal: {fileID: 100100000}
  serializedVersion: 6
  m_Component:
  - component: {fileID: 4633058638210046}
  m_Layer: 0
  m_Name: BarbarianLFoot
  m_TagString: Untagged
  m_Icon: {fileID: 0}
  m_NavMeshLayer: 0
  m_StaticEditorFlags: 0
  m_IsActive: 1
--- !u!1 &1710951565729202
GameObject:
  m_ObjectHideFlags: 1
  m_CorrespondingSourceObject: {fileID: 0}
  m_PrefabInternal: {fileID: 100100000}
  serializedVersion: 6
  m_Component:
  - component: {fileID: 4104476659465038}
  m_Layer: 0
  m_Name: BarbarianRDigit32
  m_TagString: Untagged
  m_Icon: {fileID: 0}
  m_NavMeshLayer: 0
  m_StaticEditorFlags: 0
  m_IsActive: 1
--- !u!1 &1720691990837956
GameObject:
  m_ObjectHideFlags: 1
  m_CorrespondingSourceObject: {fileID: 0}
  m_PrefabInternal: {fileID: 100100000}
  serializedVersion: 6
  m_Component:
  - component: {fileID: 4094028056765828}
  m_Layer: 0
  m_Name: BarbarianLPalm
  m_TagString: Untagged
  m_Icon: {fileID: 0}
  m_NavMeshLayer: 0
  m_StaticEditorFlags: 0
  m_IsActive: 1
--- !u!1 &1734294357650128
GameObject:
  m_ObjectHideFlags: 1
  m_CorrespondingSourceObject: {fileID: 0}
  m_PrefabInternal: {fileID: 100100000}
  serializedVersion: 6
  m_Component:
  - component: {fileID: 4527518499113838}
  m_Layer: 0
  m_Name: BarbarianSpine3
  m_TagString: Untagged
  m_Icon: {fileID: 0}
  m_NavMeshLayer: 0
  m_StaticEditorFlags: 0
  m_IsActive: 1
--- !u!1 &1745898900047212
GameObject:
  m_ObjectHideFlags: 1
  m_CorrespondingSourceObject: {fileID: 0}
  m_PrefabInternal: {fileID: 100100000}
  serializedVersion: 6
  m_Component:
  - component: {fileID: 4315367911856774}
  m_Layer: 0
  m_Name: BarbarianLCollarbone
  m_TagString: Untagged
  m_Icon: {fileID: 0}
  m_NavMeshLayer: 0
  m_StaticEditorFlags: 0
  m_IsActive: 1
--- !u!1 &1776259180210114
GameObject:
  m_ObjectHideFlags: 1
  m_CorrespondingSourceObject: {fileID: 0}
  m_PrefabInternal: {fileID: 100100000}
  serializedVersion: 6
  m_Component:
  - component: {fileID: 4981674369364600}
  m_Layer: 0
  m_Name: pivotPoint
  m_TagString: Untagged
  m_Icon: {fileID: 0}
  m_NavMeshLayer: 0
  m_StaticEditorFlags: 0
  m_IsActive: 1
--- !u!1 &1785058896995614
GameObject:
  m_ObjectHideFlags: 1
  m_CorrespondingSourceObject: {fileID: 0}
  m_PrefabInternal: {fileID: 100100000}
  serializedVersion: 6
  m_Component:
  - component: {fileID: 4077382025117150}
  m_Layer: 0
  m_Name: BarbarianRForearm
  m_TagString: Untagged
  m_Icon: {fileID: 0}
  m_NavMeshLayer: 0
  m_StaticEditorFlags: 0
  m_IsActive: 1
--- !u!1 &1805197336442608
GameObject:
  m_ObjectHideFlags: 1
  m_CorrespondingSourceObject: {fileID: 0}
  m_PrefabInternal: {fileID: 100100000}
  serializedVersion: 6
  m_Component:
  - component: {fileID: 4647359032680532}
  m_Layer: 0
  m_Name: BarbarianRDigit23
  m_TagString: Untagged
  m_Icon: {fileID: 0}
  m_NavMeshLayer: 0
  m_StaticEditorFlags: 0
  m_IsActive: 1
--- !u!1 &1819105691147322
GameObject:
  m_ObjectHideFlags: 1
  m_CorrespondingSourceObject: {fileID: 0}
  m_PrefabInternal: {fileID: 100100000}
  serializedVersion: 6
  m_Component:
  - component: {fileID: 4216346228958366}
  m_Layer: 0
  m_Name: BarbarianSpine1
  m_TagString: Untagged
  m_Icon: {fileID: 0}
  m_NavMeshLayer: 0
  m_StaticEditorFlags: 0
  m_IsActive: 1
--- !u!1 &1833011325172876
GameObject:
  m_ObjectHideFlags: 0
  m_CorrespondingSourceObject: {fileID: 0}
  m_PrefabInternal: {fileID: 100100000}
  serializedVersion: 6
  m_Component:
  - component: {fileID: 4543381379592062}
  - component: {fileID: 137498736348332942}
  m_Layer: 0
  m_Name: barbarian_boot_02
  m_TagString: Untagged
  m_Icon: {fileID: 0}
  m_NavMeshLayer: 0
  m_StaticEditorFlags: 0
  m_IsActive: 1
--- !u!1 &1855341264010996
GameObject:
  m_ObjectHideFlags: 1
  m_CorrespondingSourceObject: {fileID: 0}
  m_PrefabInternal: {fileID: 100100000}
  serializedVersion: 6
  m_Component:
  - component: {fileID: 4580991175468286}
  m_Layer: 0
  m_Name: BarbarianLThigh
  m_TagString: Untagged
  m_Icon: {fileID: 0}
  m_NavMeshLayer: 0
  m_StaticEditorFlags: 0
  m_IsActive: 1
--- !u!1 &1867406186775748
GameObject:
  m_ObjectHideFlags: 1
  m_CorrespondingSourceObject: {fileID: 0}
  m_PrefabInternal: {fileID: 100100000}
  serializedVersion: 6
  m_Component:
  - component: {fileID: 4213209724497446}
  m_Layer: 0
  m_Name: BarbarianLDigit21
  m_TagString: Untagged
  m_Icon: {fileID: 0}
  m_NavMeshLayer: 0
  m_StaticEditorFlags: 0
  m_IsActive: 1
--- !u!1 &1901498725191638
GameObject:
  m_ObjectHideFlags: 1
  m_CorrespondingSourceObject: {fileID: 0}
  m_PrefabInternal: {fileID: 100100000}
  serializedVersion: 6
  m_Component:
  - component: {fileID: 4963048061161978}
  m_Layer: 0
  m_Name: BarbarianLCalf
  m_TagString: Untagged
  m_Icon: {fileID: 0}
  m_NavMeshLayer: 0
  m_StaticEditorFlags: 0
  m_IsActive: 1
--- !u!1 &1909464796408922
GameObject:
  m_ObjectHideFlags: 1
  m_CorrespondingSourceObject: {fileID: 0}
  m_PrefabInternal: {fileID: 100100000}
  serializedVersion: 6
  m_Component:
  - component: {fileID: 4528204683715338}
  m_Layer: 0
  m_Name: pivotPoint
  m_TagString: Untagged
  m_Icon: {fileID: 0}
  m_NavMeshLayer: 0
  m_StaticEditorFlags: 0
  m_IsActive: 1
--- !u!1 &1911526326022122
GameObject:
  m_ObjectHideFlags: 1
  m_CorrespondingSourceObject: {fileID: 0}
  m_PrefabInternal: {fileID: 100100000}
  serializedVersion: 6
  m_Component:
  - component: {fileID: 4742806380824942}
  m_Layer: 0
  m_Name: BarbarianRPalm
  m_TagString: Untagged
  m_Icon: {fileID: 0}
  m_NavMeshLayer: 0
  m_StaticEditorFlags: 0
  m_IsActive: 1
--- !u!1 &1922064888956706
GameObject:
  m_ObjectHideFlags: 1
  m_CorrespondingSourceObject: {fileID: 0}
  m_PrefabInternal: {fileID: 100100000}
  serializedVersion: 6
  m_Component:
  - component: {fileID: 4817792063852710}
  m_Layer: 0
  m_Name: BarbarianLForearm
  m_TagString: Untagged
  m_Icon: {fileID: 0}
  m_NavMeshLayer: 0
  m_StaticEditorFlags: 0
  m_IsActive: 1
--- !u!1 &1943298039657720
GameObject:
  m_ObjectHideFlags: 1
  m_CorrespondingSourceObject: {fileID: 0}
  m_PrefabInternal: {fileID: 100100000}
  serializedVersion: 6
  m_Component:
  - component: {fileID: 4477456618064520}
  m_Layer: 0
  m_Name: Barbarian_weaponR
  m_TagString: Untagged
  m_Icon: {fileID: 0}
  m_NavMeshLayer: 0
  m_StaticEditorFlags: 0
  m_IsActive: 1
--- !u!4 &4006716264454992
Transform:
  m_ObjectHideFlags: 1
  m_CorrespondingSourceObject: {fileID: 0}
  m_PrefabInternal: {fileID: 100100000}
  m_GameObject: {fileID: 1635239683500776}
  m_LocalRotation: {x: -0.000000044826592, y: 0.000000016325863, z: 0.31975603, w: 0.94749993}
  m_LocalPosition: {x: -0.042855527, y: -0.000000009536743, z: 0.000000019073486}
  m_LocalScale: {x: 0.9999999, y: 1, z: 1}
  m_Children: []
  m_Father: {fileID: 4679943564214530}
  m_RootOrder: 0
  m_LocalEulerAnglesHint: {x: 0, y: 0, z: 0}
--- !u!4 &4008680508871770
Transform:
  m_ObjectHideFlags: 1
  m_CorrespondingSourceObject: {fileID: 0}
  m_PrefabInternal: {fileID: 100100000}
  m_GameObject: {fileID: 1049052641712758}
  m_LocalRotation: {x: -0.0020727778, y: -0.0013875547, z: 0.4906693, w: 0.8713423}
  m_LocalPosition: {x: -0.05277622, y: 0.000000038146972, z: 0}
  m_LocalScale: {x: 0.9999998, y: 0.9999999, z: 0.9999998}
  m_Children:
  - {fileID: 4157004541361076}
  m_Father: {fileID: 4465841072621564}
  m_RootOrder: 0
  m_LocalEulerAnglesHint: {x: 0, y: 0, z: 0}
--- !u!4 &4011825512005010
Transform:
  m_ObjectHideFlags: 1
  m_CorrespondingSourceObject: {fileID: 0}
  m_PrefabInternal: {fileID: 100100000}
  m_GameObject: {fileID: 1515649914087574}
  m_LocalRotation: {x: 0.23998298, y: 0.53989506, z: -0.18472947, w: 0.785364}
  m_LocalPosition: {x: -0.17591049, y: 0, z: 0}
  m_LocalScale: {x: 1.0000001, y: 0.9999997, z: 0.99999994}
  m_Children:
  - {fileID: 4817792063852710}
  m_Father: {fileID: 4315367911856774}
  m_RootOrder: 0
  m_LocalEulerAnglesHint: {x: 0, y: 0, z: 0}
--- !u!4 &4040052220151562
Transform:
  m_ObjectHideFlags: 1
  m_CorrespondingSourceObject: {fileID: 0}
  m_PrefabInternal: {fileID: 100100000}
  m_GameObject: {fileID: 1627322691235898}
  m_LocalRotation: {x: -0.6073308, y: -0.49196035, z: 0.04543283, w: 0.6221416}
  m_LocalPosition: {x: -0.038524244, y: 0.00095817563, z: -0.009483852}
  m_LocalScale: {x: 0.9999999, y: 0.9999999, z: 0.99999976}
  m_Children:
  - {fileID: 4679943564214530}
  m_Father: {fileID: 4742806380824942}
  m_RootOrder: 1
  m_LocalEulerAnglesHint: {x: 0, y: 0, z: 0}
--- !u!4 &4049046178689774
Transform:
  m_ObjectHideFlags: 1
  m_CorrespondingSourceObject: {fileID: 0}
  m_PrefabInternal: {fileID: 100100000}
  m_GameObject: {fileID: 1016408092276288}
  m_LocalRotation: {x: -0.0004872962, y: 0.006673485, z: 0.6981542, w: 0.71591616}
  m_LocalPosition: {x: -0.034945298, y: -0.000000076293944, z: 0}
  m_LocalScale: {x: 0.99999994, y: 1.0000001, z: 1}
  m_Children: []
  m_Father: {fileID: 4104476659465038}
  m_RootOrder: 0
  m_LocalEulerAnglesHint: {x: 0, y: 0, z: 0}
--- !u!4 &4077382025117150
Transform:
  m_ObjectHideFlags: 1
  m_CorrespondingSourceObject: {fileID: 0}
  m_PrefabInternal: {fileID: 100100000}
  m_GameObject: {fileID: 1785058896995614}
  m_LocalRotation: {x: -0.07463805, y: -0.039253805, z: -0.3293729, w: 0.9404264}
  m_LocalPosition: {x: -0.30170563, y: -0.000000019073486, z: 0}
  m_LocalScale: {x: 1.0000001, y: 1.0000002, z: 1}
  m_Children:
  - {fileID: 4742806380824942}
  m_Father: {fileID: 4242537115486252}
  m_RootOrder: 0
  m_LocalEulerAnglesHint: {x: 0, y: 0, z: 0}
--- !u!4 &4079043596866596
Transform:
  m_ObjectHideFlags: 1
  m_CorrespondingSourceObject: {fileID: 0}
  m_PrefabInternal: {fileID: 100100000}
  m_GameObject: {fileID: 1001189640015280}
  m_LocalRotation: {x: -0.7071068, y: 0, z: -0, w: 0.7071068}
  m_LocalPosition: {x: -0, y: 0, z: 0}
  m_LocalScale: {x: 1, y: 1, z: 1}
  m_Children: []
  m_Father: {fileID: 4113911922060054}
  m_RootOrder: 1
  m_LocalEulerAnglesHint: {x: 0, y: 0, z: 0}
--- !u!4 &4094028056765828
Transform:
  m_ObjectHideFlags: 1
  m_CorrespondingSourceObject: {fileID: 0}
  m_PrefabInternal: {fileID: 100100000}
  m_GameObject: {fileID: 1720691990837956}
  m_LocalRotation: {x: 0.90451926, y: -0.0221295, z: -0.04066423, w: -0.4239123}
  m_LocalPosition: {x: -0.23329048, y: 0, z: 0}
  m_LocalScale: {x: 1.0000001, y: 1.0000001, z: 1.0000001}
  m_Children:
  - {fileID: 4448707257226556}
  - {fileID: 4512034270026064}
  - {fileID: 4213209724497446}
  - {fileID: 4465841072621564}
  - {fileID: 4528204683715338}
  m_Father: {fileID: 4817792063852710}
  m_RootOrder: 0
  m_LocalEulerAnglesHint: {x: 0, y: 0, z: 0}
--- !u!4 &4104476659465038
Transform:
  m_ObjectHideFlags: 1
  m_CorrespondingSourceObject: {fileID: 0}
  m_PrefabInternal: {fileID: 100100000}
  m_GameObject: {fileID: 1710951565729202}
  m_LocalRotation: {x: 0.002308574, y: 0.0009446043, z: 0.30070668, w: 0.9537135}
  m_LocalPosition: {x: -0.05277626, y: 0, z: -0.000000019073486}
  m_LocalScale: {x: 1.0000001, y: 1.0000001, z: 1}
  m_Children:
  - {fileID: 4049046178689774}
  m_Father: {fileID: 4706531675259326}
  m_RootOrder: 0
  m_LocalEulerAnglesHint: {x: 0, y: 0, z: 0}
--- !u!4 &4113911922060054
Transform:
  m_ObjectHideFlags: 1
  m_CorrespondingSourceObject: {fileID: 0}
  m_PrefabInternal: {fileID: 100100000}
  m_GameObject: {fileID: 1643910726283698}
  m_LocalRotation: {x: 0, y: 0, z: 0, w: 1}
  m_LocalPosition: {x: 0, y: 0, z: 0}
  m_LocalScale: {x: 1, y: 1, z: 1}
  m_Children:
  - {fileID: 4543381379592062}
  - {fileID: 4079043596866596}
  - {fileID: 4579253179688400}
  m_Father: {fileID: 0}
  m_RootOrder: 0
  m_LocalEulerAnglesHint: {x: 0, y: 0, z: 0}
--- !u!4 &4123507908766360
Transform:
  m_ObjectHideFlags: 1
  m_CorrespondingSourceObject: {fileID: 0}
  m_PrefabInternal: {fileID: 100100000}
  m_GameObject: {fileID: 1101549996433012}
  m_LocalRotation: {x: -0.0042581847, y: 0.0013665166, z: -0.11873548, w: 0.99291587}
  m_LocalPosition: {x: -0.18741973, y: 0, z: 0.0000000011920929}
  m_LocalScale: {x: 0.9999997, y: 0.9999998, z: 1.0000001}
  m_Children:
  - {fileID: 4315367911856774}
  - {fileID: 4171750517323592}
  - {fileID: 4553204591175672}
  m_Father: {fileID: 4527518499113838}
  m_RootOrder: 0
  m_LocalEulerAnglesHint: {x: 0, y: 0, z: 0}
--- !u!4 &4124471596392848
Transform:
  m_ObjectHideFlags: 1
  m_CorrespondingSourceObject: {fileID: 0}
  m_PrefabInternal: {fileID: 100100000}
  m_GameObject: {fileID: 1273761852939098}
  m_LocalRotation: {x: -0.03314808, y: -0.027965784, z: 0.54467964, w: 0.8375221}
  m_LocalPosition: {x: -0.15162948, y: 0.0001347351, z: -0.04483467}
  m_LocalScale: {x: 1, y: 0.99999976, z: 0.9999998}
  m_Children:
  - {fileID: 4863277092287728}
  m_Father: {fileID: 4742806380824942}
  m_RootOrder: 2
  m_LocalEulerAnglesHint: {x: 0, y: 0, z: 0}
--- !u!4 &4157004541361076
Transform:
  m_ObjectHideFlags: 1
  m_CorrespondingSourceObject: {fileID: 0}
  m_PrefabInternal: {fileID: 100100000}
  m_GameObject: {fileID: 1143773083736444}
  m_LocalRotation: {x: 0.00045167434, y: -0.006675883, z: 0.6985943, w: 0.71548676}
  m_LocalPosition: {x: -0.034945317, y: 0, z: 0}
  m_LocalScale: {x: 1.0000001, y: 1, z: 1.0000001}
  m_Children: []
  m_Father: {fileID: 4008680508871770}
  m_RootOrder: 0
  m_LocalEulerAnglesHint: {x: 0, y: 0, z: 0}
--- !u!4 &4163195955219446
Transform:
  m_ObjectHideFlags: 1
  m_CorrespondingSourceObject: {fileID: 0}
  m_PrefabInternal: {fileID: 100100000}
  m_GameObject: {fileID: 1501084377843304}
  m_LocalRotation: {x: -0.000000015985615, y: -0.0000000046921156, z: 0.68101656,
    w: 0.73226804}
  m_LocalPosition: {x: -0.042855605, y: 0, z: 0}
  m_LocalScale: {x: 0.99999994, y: 0.99999994, z: 1}
  m_Children: []
  m_Father: {fileID: 4770086911959418}
  m_RootOrder: 0
  m_LocalEulerAnglesHint: {x: 0, y: 0, z: 0}
--- !u!4 &4165328951171646
Transform:
  m_ObjectHideFlags: 1
  m_CorrespondingSourceObject: {fileID: 0}
  m_PrefabInternal: {fileID: 100100000}
  m_GameObject: {fileID: 1646404011009972}
  m_LocalRotation: {x: -0.06972579, y: 0.021796418, z: -0.04807504, w: 0.9961687}
  m_LocalPosition: {x: -0.2275378, y: 0.015741223, z: -0.000002555847}
  m_LocalScale: {x: 1.0000002, y: 1.0000002, z: 1.0000002}
  m_Children: []
  m_Father: {fileID: 4851892561561324}
  m_RootOrder: 0
  m_LocalEulerAnglesHint: {x: 0, y: 0, z: 0}
--- !u!4 &4171750517323592
Transform:
  m_ObjectHideFlags: 1
  m_CorrespondingSourceObject: {fileID: 0}
  m_PrefabInternal: {fileID: 100100000}
  m_GameObject: {fileID: 1023190422040870}
  m_LocalRotation: {x: 0.021439053, y: -0.0045940895, z: 0.06957499, w: 0.9973358}
  m_LocalPosition: {x: -0.02102066, y: 0.051550977, z: -0.000000019669532}
  m_LocalScale: {x: 1.0000005, y: 0.99999994, z: 1.0000006}
  m_Children:
  - {fileID: 4931861613808078}
  m_Father: {fileID: 4123507908766360}
  m_RootOrder: 1
  m_LocalEulerAnglesHint: {x: 0, y: 0, z: 0}
--- !u!4 &4196161165815048
Transform:
  m_ObjectHideFlags: 1
  m_CorrespondingSourceObject: {fileID: 0}
  m_PrefabInternal: {fileID: 100100000}
  m_GameObject: {fileID: 1264599250191346}
  m_LocalRotation: {x: 0.0003502216, y: -0.1026817, z: 0.99465764, w: 0.010608507}
  m_LocalPosition: {x: -0.0000843811, y: -0.024130039, z: -0.0024909913}
  m_LocalScale: {x: 0.9999999, y: 0.9999998, z: 0.9999999}
  m_Children: []
  m_Father: {fileID: 4579253179688400}
  m_RootOrder: 0
  m_LocalEulerAnglesHint: {x: 0, y: 0, z: 0}
--- !u!4 &4208568337422974
Transform:
  m_ObjectHideFlags: 1
  m_CorrespondingSourceObject: {fileID: 0}
  m_PrefabInternal: {fileID: 100100000}
  m_GameObject: {fileID: 1333848535483758}
  m_LocalRotation: {x: 0.000000014901161, y: 0.000000074505806, z: 0.000000044703484,
    w: 1}
  m_LocalPosition: {x: -0.08500004, y: 0.186, z: 0.187}
  m_LocalScale: {x: 0.99999934, y: 0.99999994, z: 1.0000002}
  m_Children: []
  m_Father: {fileID: 4579253179688400}
  m_RootOrder: 6
  m_LocalEulerAnglesHint: {x: 0, y: 0, z: 0}
--- !u!4 &4212419263306134
Transform:
  m_ObjectHideFlags: 1
  m_CorrespondingSourceObject: {fileID: 0}
  m_PrefabInternal: {fileID: 100100000}
  m_GameObject: {fileID: 1253424509896882}
  m_LocalRotation: {x: 0.00000017881392, y: -0.00000009313224, z: 0.00000009313224,
    w: -1}
  m_LocalPosition: {x: 0.000000017274122, y: 0.00000003950644, z: -0.000000046626898}
  m_LocalScale: {x: 1.0000004, y: 0.9999998, z: 0.99999934}
  m_Children: []
  m_Father: {fileID: 4742806380824942}
  m_RootOrder: 4
  m_LocalEulerAnglesHint: {x: 0, y: 0, z: 0}
--- !u!4 &4213209724497446
Transform:
  m_ObjectHideFlags: 1
  m_CorrespondingSourceObject: {fileID: 0}
  m_PrefabInternal: {fileID: 100100000}
  m_GameObject: {fileID: 1867406186775748}
  m_LocalRotation: {x: 0.03569865, y: 0.027294293, z: 0.5898503, w: 0.80626136}
  m_LocalPosition: {x: -0.15162948, y: 0.0001348114, z: 0.04483467}
  m_LocalScale: {x: 0.99999976, y: 0.99999994, z: 0.9999997}
  m_Children:
  - {fileID: 4997812030229030}
  m_Father: {fileID: 4094028056765828}
  m_RootOrder: 2
  m_LocalEulerAnglesHint: {x: 0, y: 0, z: 0}
--- !u!4 &4216346228958366
Transform:
  m_ObjectHideFlags: 1
  m_CorrespondingSourceObject: {fileID: 0}
  m_PrefabInternal: {fileID: 100100000}
  m_GameObject: {fileID: 1819105691147322}
  m_LocalRotation: {x: -0.0047050286, y: -0.00062049774, z: -0.15463679, w: 0.98796004}
  m_LocalPosition: {x: -0.069777146, y: -0.005338688, z: -0.000000011920928}
  m_LocalScale: {x: 1, y: 1, z: 0.99999994}
  m_Children:
  - {fileID: 4517492928469124}
  m_Father: {fileID: 4579253179688400}
  m_RootOrder: 4
  m_LocalEulerAnglesHint: {x: 0, y: 0, z: 0}
--- !u!4 &4242537115486252
Transform:
  m_ObjectHideFlags: 1
  m_CorrespondingSourceObject: {fileID: 0}
  m_PrefabInternal: {fileID: 100100000}
  m_GameObject: {fileID: 1615668904956262}
  m_LocalRotation: {x: -0.15882823, y: -0.48157558, z: -0.13792023, w: 0.85078585}
  m_LocalPosition: {x: -0.17591047, y: 0, z: 0}
  m_LocalScale: {x: 1, y: 0.99999964, z: 0.9999999}
  m_Children:
  - {fileID: 4077382025117150}
  m_Father: {fileID: 4553204591175672}
  m_RootOrder: 0
  m_LocalEulerAnglesHint: {x: 0, y: 0, z: 0}
--- !u!4 &4284676481949348
Transform:
  m_ObjectHideFlags: 1
  m_CorrespondingSourceObject: {fileID: 0}
  m_PrefabInternal: {fileID: 100100000}
  m_GameObject: {fileID: 1050751075102558}
  m_LocalRotation: {x: 0.5754836, y: -0.81781334, z: -0.00000016164199, w: 0.00000022970762}
  m_LocalPosition: {x: -0.007, y: 0.048, z: 0.0000011067841}
  m_LocalScale: {x: 0.99999964, y: 1.0000002, z: 0.99999994}
  m_Children: []
  m_Father: {fileID: 4931861613808078}
  m_RootOrder: 1
  m_LocalEulerAnglesHint: {x: 0, y: -179.99998, z: -70.26701}
--- !u!4 &4315367911856774
Transform:
  m_ObjectHideFlags: 1
  m_CorrespondingSourceObject: {fileID: 0}
  m_PrefabInternal: {fileID: 100100000}
  m_GameObject: {fileID: 1745898900047212}
  m_LocalRotation: {x: 0.118841074, y: 0.66546696, z: 0.33050737, w: 0.65863144}
  m_LocalPosition: {x: 0.021011658, y: 0.1228675, z: 0.056143902}
  m_LocalScale: {x: 1.0000007, y: 1.0000006, z: 1.0000008}
  m_Children:
  - {fileID: 4011825512005010}
  m_Father: {fileID: 4123507908766360}
  m_RootOrder: 0
  m_LocalEulerAnglesHint: {x: 0, y: 0, z: 0}
--- !u!4 &4400859571335768
Transform:
  m_ObjectHideFlags: 1
  m_CorrespondingSourceObject: {fileID: 0}
  m_PrefabInternal: {fileID: 100100000}
  m_GameObject: {fileID: 1248133811037876}
  m_LocalRotation: {x: -0.005209108, y: 0.013453293, z: 0.38246986, w: 0.92385536}
  m_LocalPosition: {x: -0.45403066, y: 0.000000057220458, z: -0.000000038146972}
  m_LocalScale: {x: 1.0000001, y: 0.9999999, z: 0.9999999}
  m_Children:
  - {fileID: 4851892561561324}
  m_Father: {fileID: 4513985398077178}
  m_RootOrder: 0
  m_LocalEulerAnglesHint: {x: 0, y: 0, z: 0}
--- !u!4 &4448707257226556
Transform:
  m_ObjectHideFlags: 1
  m_CorrespondingSourceObject: {fileID: 0}
  m_PrefabInternal: {fileID: 100100000}
  m_GameObject: {fileID: 1659920783465506}
  m_LocalRotation: {x: 0.00398175, y: 0.99999183, z: -0.00070270954, w: -0.00009853946}
  m_LocalPosition: {x: -0.12093626, y: -0.04018108, z: 0.00018440485}
  m_LocalScale: {x: 1.0000014, y: 0.99999934, z: 1.0000004}
  m_Children: []
  m_Father: {fileID: 4094028056765828}
  m_RootOrder: 0
  m_LocalEulerAnglesHint: {x: 0, y: 0, z: 0}
--- !u!4 &4455747077929358
Transform:
  m_ObjectHideFlags: 1
  m_CorrespondingSourceObject: {fileID: 0}
  m_PrefabInternal: {fileID: 100100000}
  m_GameObject: {fileID: 1254425152899922}
  m_LocalRotation: {x: 0.014027991, y: 0.10790439, z: 0.99222386, w: -0.060428996}
  m_LocalPosition: {x: 0.00075874326, y: 0.21745735, z: 0.02006112}
  m_LocalScale: {x: 0.9999998, y: 0.9999999, z: 1}
  m_Children: []
  m_Father: {fileID: 4579253179688400}
  m_RootOrder: 1
  m_LocalEulerAnglesHint: {x: 0, y: 0, z: 0}
--- !u!4 &4465841072621564
Transform:
  m_ObjectHideFlags: 1
  m_CorrespondingSourceObject: {fileID: 0}
  m_PrefabInternal: {fileID: 100100000}
  m_GameObject: {fileID: 1153897914460306}
  m_LocalRotation: {x: -0.0073508183, y: -0.028307969, z: 0.63481677, w: 0.77210903}
  m_LocalPosition: {x: -0.15069099, y: 0.0063728713, z: 0.007006607}
  m_LocalScale: {x: 0.9999998, y: 1, z: 0.99999976}
  m_Children:
  - {fileID: 4008680508871770}
  m_Father: {fileID: 4094028056765828}
  m_RootOrder: 3
  m_LocalEulerAnglesHint: {x: 0, y: 0, z: 0}
--- !u!4 &4475981679864586
Transform:
  m_ObjectHideFlags: 1
  m_CorrespondingSourceObject: {fileID: 0}
  m_PrefabInternal: {fileID: 100100000}
  m_GameObject: {fileID: 1191643904438408}
  m_LocalRotation: {x: 0.011085241, y: 0.0693527, z: -0.07179087, w: 0.9949439}
  m_LocalPosition: {x: -0.22753777, y: 0.015741223, z: 0.0000025177}
  m_LocalScale: {x: 0.9999999, y: 1, z: 1}
  m_Children: []
  m_Father: {fileID: 4633058638210046}
  m_RootOrder: 0
  m_LocalEulerAnglesHint: {x: 0, y: 0, z: 0}
--- !u!4 &4477456618064520
Transform:
  m_ObjectHideFlags: 1
  m_CorrespondingSourceObject: {fileID: 0}
  m_PrefabInternal: {fileID: 100100000}
  m_GameObject: {fileID: 1943298039657720}
  m_LocalRotation: {x: -0.03520657, y: 0.13262087, z: 0.008917282, w: 0.9905012}
  m_LocalPosition: {x: -0.11324862, y: -0.029194674, z: 0.00273254}
  m_LocalScale: {x: 1.0000008, y: 0.9999997, z: 1.0000005}
  m_Children: []
  m_Father: {fileID: 4742806380824942}
  m_RootOrder: 0
  m_LocalEulerAnglesHint: {x: 0, y: 0, z: 0}
--- !u!4 &4512034270026064
Transform:
  m_ObjectHideFlags: 1
  m_CorrespondingSourceObject: {fileID: 0}
  m_PrefabInternal: {fileID: 100100000}
  m_GameObject: {fileID: 1555152155643476}
  m_LocalRotation: {x: 0.57785773, y: 0.46874487, z: 0.18809247, w: 0.64107716}
  m_LocalPosition: {x: -0.03852409, y: 0.00095821376, z: 0.009483852}
  m_LocalScale: {x: 0.9999997, y: 0.9999997, z: 0.99999994}
  m_Children:
  - {fileID: 4770086911959418}
  m_Father: {fileID: 4094028056765828}
  m_RootOrder: 1
  m_LocalEulerAnglesHint: {x: 0, y: 0, z: 0}
--- !u!4 &4513985398077178
Transform:
  m_ObjectHideFlags: 1
  m_CorrespondingSourceObject: {fileID: 0}
  m_PrefabInternal: {fileID: 100100000}
  m_GameObject: {fileID: 1041327596092768}
  m_LocalRotation: {x: -0.14489877, y: 0.984763, z: -0.07404563, w: -0.06134702}
  m_LocalPosition: {x: -0.026286162, y: 0.071670406, z: -0.09446583}
  m_LocalScale: {x: 0.9999998, y: 1.0000001, z: 0.9999994}
  m_Children:
  - {fileID: 4400859571335768}
  m_Father: {fileID: 4579253179688400}
  m_RootOrder: 3
  m_LocalEulerAnglesHint: {x: 0, y: 0, z: 0}
--- !u!4 &4517492928469124
Transform:
  m_ObjectHideFlags: 1
  m_CorrespondingSourceObject: {fileID: 0}
  m_PrefabInternal: {fileID: 100100000}
  m_GameObject: {fileID: 1093999382153270}
  m_LocalRotation: {x: -0.023367433, y: -0.005875081, z: 0.0868101, w: 0.9959335}
  m_LocalPosition: {x: -0.20473236, y: 0, z: 0.0000000023841857}
  m_LocalScale: {x: 0.99999994, y: 1.0000005, z: 0.9999991}
  m_Children:
  - {fileID: 4527518499113838}
  m_Father: {fileID: 4216346228958366}
  m_RootOrder: 0
  m_LocalEulerAnglesHint: {x: 0, y: 0, z: 0}
--- !u!4 &4527518499113838
Transform:
  m_ObjectHideFlags: 1
  m_CorrespondingSourceObject: {fileID: 0}
  m_PrefabInternal: {fileID: 100100000}
  m_GameObject: {fileID: 1734294357650128}
  m_LocalRotation: {x: -0.022364294, y: 0.00064953335, z: -0.011294649, w: 0.9996859}
  m_LocalPosition: {x: -0.17440444, y: 0, z: 0.0000000011920929}
  m_LocalScale: {x: 0.9999995, y: 1, z: 0.9999992}
  m_Children:
  - {fileID: 4123507908766360}
  - {fileID: 4725290245454192}
  - {fileID: 4648350870268316}
  m_Father: {fileID: 4517492928469124}
  m_RootOrder: 0
  m_LocalEulerAnglesHint: {x: 0, y: 0, z: 0}
--- !u!4 &4528204683715338
Transform:
  m_ObjectHideFlags: 1
  m_CorrespondingSourceObject: {fileID: 0}
  m_PrefabInternal: {fileID: 100100000}
  m_GameObject: {fileID: 1909464796408922}
  m_LocalRotation: {x: 0.00000023841855, y: 0.00000002235174, z: -0.0000002402812,
    w: -1}
  m_LocalPosition: {x: -0.0000000787211, y: 0.00000009037824, z: 0.00000007826992}
  m_LocalScale: {x: 1.0000006, y: 1.0000002, z: 1}
  m_Children: []
  m_Father: {fileID: 4094028056765828}
  m_RootOrder: 4
  m_LocalEulerAnglesHint: {x: 0, y: 0, z: 0}
--- !u!4 &4543381379592062
Transform:
  m_ObjectHideFlags: 1
  m_CorrespondingSourceObject: {fileID: 0}
  m_PrefabInternal: {fileID: 100100000}
  m_GameObject: {fileID: 1833011325172876}
  m_LocalRotation: {x: -0.7071068, y: 0, z: -0, w: 0.7071068}
  m_LocalPosition: {x: -0, y: 0, z: 0}
  m_LocalScale: {x: 1, y: 1, z: 1}
  m_Children: []
  m_Father: {fileID: 4113911922060054}
  m_RootOrder: 0
  m_LocalEulerAnglesHint: {x: 0, y: 0, z: 0}
--- !u!4 &4553204591175672
Transform:
  m_ObjectHideFlags: 1
  m_CorrespondingSourceObject: {fileID: 0}
  m_PrefabInternal: {fileID: 100100000}
  m_GameObject: {fileID: 1488907094567232}
  m_LocalRotation: {x: -0.10570459, y: -0.70898366, z: 0.29875594, w: 0.6300108}
  m_LocalPosition: {x: 0.021011658, y: 0.1228675, z: -0.056143902}
  m_LocalScale: {x: 1.000001, y: 1.0000005, z: 1.0000008}
  m_Children:
  - {fileID: 4242537115486252}
  m_Father: {fileID: 4123507908766360}
  m_RootOrder: 2
  m_LocalEulerAnglesHint: {x: 0, y: 0, z: 0}
--- !u!4 &4579253179688400
Transform:
  m_ObjectHideFlags: 1
  m_CorrespondingSourceObject: {fileID: 0}
  m_PrefabInternal: {fileID: 100100000}
  m_GameObject: {fileID: 1373472045221002}
  m_LocalRotation: {x: 0.47263625, y: -0.47462848, z: -0.52431184, w: 0.5257755}
  m_LocalPosition: {x: -0.023079693, y: 0.8659327, z: -0.112937495}
  m_LocalScale: {x: 1.0000001, y: 0.9999997, z: 1.0000007}
  m_Children:
  - {fileID: 4196161165815048}
  - {fileID: 4455747077929358}
  - {fileID: 4580991175468286}
  - {fileID: 4513985398077178}
  - {fileID: 4216346228958366}
  - {fileID: 4981674369364600}
  - {fileID: 4208568337422974}
  m_Father: {fileID: 4113911922060054}
  m_RootOrder: 2
  m_LocalEulerAnglesHint: {x: 0, y: 0, z: 0}
--- !u!4 &4580991175468286
Transform:
  m_ObjectHideFlags: 1
  m_CorrespondingSourceObject: {fileID: 0}
  m_PrefabInternal: {fileID: 100100000}
  m_GameObject: {fileID: 1855341264010996}
  m_LocalRotation: {x: -0.25051266, y: 0.9595406, z: 0.11862788, w: 0.049524803}
  m_LocalPosition: {x: -0.026286086, y: 0.0716704, z: 0.094465785}
  m_LocalScale: {x: 0.9999997, y: 1.0000002, z: 0.99999934}
  m_Children:
  - {fileID: 4963048061161978}
  m_Father: {fileID: 4579253179688400}
  m_RootOrder: 2
  m_LocalEulerAnglesHint: {x: 0, y: 0, z: 0}
--- !u!4 &4617754787018858
Transform:
  m_ObjectHideFlags: 1
  m_CorrespondingSourceObject: {fileID: 0}
  m_PrefabInternal: {fileID: 100100000}
  m_GameObject: {fileID: 1112355772192550}
  m_LocalRotation: {x: 0.000000009274512, y: 0.00000004111375, z: 0.5341737, w: 0.84537476}
  m_LocalPosition: {x: -0.04285549, y: 0, z: 0}
  m_LocalScale: {x: 0.9999998, y: 0.99999994, z: 0.9999999}
  m_Children: []
  m_Father: {fileID: 4997812030229030}
  m_RootOrder: 0
  m_LocalEulerAnglesHint: {x: 0, y: 0, z: 0}
--- !u!4 &4633058638210046
Transform:
  m_ObjectHideFlags: 1
  m_CorrespondingSourceObject: {fileID: 0}
  m_PrefabInternal: {fileID: 100100000}
  m_GameObject: {fileID: 1700015224819164}
  m_LocalRotation: {x: -0.080908015, y: 0.019466707, z: -0.774404, w: 0.62719494}
  m_LocalPosition: {x: -0.48137054, y: 0.0000000047683715, z: 0.000000009536743}
  m_LocalScale: {x: 1.0000002, y: 1.0000001, z: 1.0000002}
  m_Children:
  - {fileID: 4475981679864586}
  m_Father: {fileID: 4963048061161978}
  m_RootOrder: 0
  m_LocalEulerAnglesHint: {x: 0, y: 0, z: 0}
--- !u!4 &4647359032680532
Transform:
  m_ObjectHideFlags: 1
  m_CorrespondingSourceObject: {fileID: 0}
  m_PrefabInternal: {fileID: 100100000}
  m_GameObject: {fileID: 1805197336442608}
  m_LocalRotation: {x: -0.00000001509489, y: 0.000000007049825, z: 0.6211584, w: 0.783685}
  m_LocalPosition: {x: -0.042855527, y: -0.000000076293944, z: 0}
  m_LocalScale: {x: 1, y: 0.99999994, z: 0.9999999}
  m_Children: []
  m_Father: {fileID: 4863277092287728}
  m_RootOrder: 0
  m_LocalEulerAnglesHint: {x: 0, y: 0, z: 0}
--- !u!4 &4648350870268316
Transform:
  m_ObjectHideFlags: 1
  m_CorrespondingSourceObject: {fileID: 0}
  m_PrefabInternal: {fileID: 100100000}
  m_GameObject: {fileID: 1037683860768280}
  m_LocalRotation: {x: -0.9984693, y: -0.046468996, z: 0.022564905, w: 0.019765863}
  m_LocalPosition: {x: -0.0919999, y: -0.14699996, z: 0.09500005}
  m_LocalScale: {x: 1.0000011, y: 1.0000006, z: 1.0000001}
  m_Children: []
  m_Father: {fileID: 4527518499113838}
  m_RootOrder: 2
  m_LocalEulerAnglesHint: {x: 0, y: 0, z: 0}
--- !u!4 &4679943564214530
Transform:
  m_ObjectHideFlags: 1
  m_CorrespondingSourceObject: {fileID: 0}
  m_PrefabInternal: {fileID: 100100000}
  m_GameObject: {fileID: 1239143575153268}
  m_LocalRotation: {x: -0.0074442383, y: -0.14427662, z: 0.4882896, w: 0.8606405}
  m_LocalPosition: {x: -0.06494526, y: 0, z: 0.000000038146972}
  m_LocalScale: {x: 1.0000001, y: 1.0000001, z: 1.0000001}
  m_Children:
  - {fileID: 4006716264454992}
  m_Father: {fileID: 4040052220151562}
  m_RootOrder: 0
  m_LocalEulerAnglesHint: {x: 0, y: 0, z: 0}
--- !u!4 &4706531675259326
Transform:
  m_ObjectHideFlags: 1
  m_CorrespondingSourceObject: {fileID: 0}
  m_PrefabInternal: {fileID: 100100000}
  m_GameObject: {fileID: 1056214337845900}
  m_LocalRotation: {x: 0.007736253, y: 0.028262565, z: 0.6399392, w: 0.7678667}
  m_LocalPosition: {x: -0.15069091, y: 0.0063729095, z: -0.007006588}
  m_LocalScale: {x: 0.9999998, y: 0.99999976, z: 0.9999999}
  m_Children:
  - {fileID: 4104476659465038}
  m_Father: {fileID: 4742806380824942}
  m_RootOrder: 3
  m_LocalEulerAnglesHint: {x: 0, y: 0, z: 0}
--- !u!4 &4725290245454192
Transform:
  m_ObjectHideFlags: 1
  m_CorrespondingSourceObject: {fileID: 0}
  m_PrefabInternal: {fileID: 100100000}
  m_GameObject: {fileID: 1153451482169688}
  m_LocalRotation: {x: -0.99846923, y: -0.04646906, z: 0.022564929, w: 0.019765848}
  m_LocalPosition: {x: -0.10200016, y: -0.13900006, z: -0.11600006}
  m_LocalScale: {x: 1.0000011, y: 1.0000006, z: 1.0000001}
  m_Children: []
  m_Father: {fileID: 4527518499113838}
  m_RootOrder: 1
  m_LocalEulerAnglesHint: {x: 0, y: 0, z: 0}
--- !u!4 &4742806380824942
Transform:
  m_ObjectHideFlags: 1
  m_CorrespondingSourceObject: {fileID: 0}
  m_PrefabInternal: {fileID: 100100000}
  m_GameObject: {fileID: 1911526326022122}
  m_LocalRotation: {x: 0.75342554, y: -0.027770843, z: 0.019489737, w: 0.65665734}
  m_LocalPosition: {x: -0.23329055, y: 0.000000019073486, z: 0}
  m_LocalScale: {x: 1.0000002, y: 1.0000001, z: 1.0000001}
  m_Children:
  - {fileID: 4477456618064520}
  - {fileID: 4040052220151562}
  - {fileID: 4124471596392848}
  - {fileID: 4706531675259326}
  - {fileID: 4212419263306134}
  m_Father: {fileID: 4077382025117150}
  m_RootOrder: 0
  m_LocalEulerAnglesHint: {x: 0, y: 0, z: 0}
--- !u!4 &4770086911959418
Transform:
  m_ObjectHideFlags: 1
  m_CorrespondingSourceObject: {fileID: 0}
  m_PrefabInternal: {fileID: 100100000}
  m_GameObject: {fileID: 1162722500251404}
  m_LocalRotation: {x: -0.011272206, y: 0.017309457, z: 0.20824054, w: 0.9778595}
  m_LocalPosition: {x: -0.064945295, y: 0, z: 0.000000038146972}
  m_LocalScale: {x: 1.0000001, y: 1.0000001, z: 1}
  m_Children:
  - {fileID: 4163195955219446}
  m_Father: {fileID: 4512034270026064}
  m_RootOrder: 0
  m_LocalEulerAnglesHint: {x: 0, y: 0, z: 0}
--- !u!4 &4817792063852710
Transform:
  m_ObjectHideFlags: 1
  m_CorrespondingSourceObject: {fileID: 0}
  m_PrefabInternal: {fileID: 100100000}
  m_GameObject: {fileID: 1922064888956706}
  m_LocalRotation: {x: 0.07864254, y: 0.030446574, z: -0.21949178, w: 0.97196287}
  m_LocalPosition: {x: -0.30170563, y: 0.000000038146972, z: 0}
  m_LocalScale: {x: 0.9999998, y: 0.9999999, z: 1}
  m_Children:
  - {fileID: 4094028056765828}
  m_Father: {fileID: 4011825512005010}
  m_RootOrder: 0
  m_LocalEulerAnglesHint: {x: 0, y: 0, z: 0}
--- !u!4 &4851892561561324
Transform:
  m_ObjectHideFlags: 1
  m_CorrespondingSourceObject: {fileID: 0}
  m_PrefabInternal: {fileID: 100100000}
  m_GameObject: {fileID: 1011102504649610}
  m_LocalRotation: {x: 0.06839755, y: -0.084559925, z: -0.8275766, w: 0.5507163}
  m_LocalPosition: {x: -0.48137057, y: -0.000000019073486, z: 0}
  m_LocalScale: {x: 1, y: 0.9999998, z: 1}
  m_Children:
  - {fileID: 4165328951171646}
  m_Father: {fileID: 4400859571335768}
  m_RootOrder: 0
  m_LocalEulerAnglesHint: {x: 0, y: 0, z: 0}
--- !u!4 &4863277092287728
Transform:
  m_ObjectHideFlags: 1
  m_CorrespondingSourceObject: {fileID: 0}
  m_PrefabInternal: {fileID: 100100000}
  m_GameObject: {fileID: 1202910144291526}
  m_LocalRotation: {x: -0.000000018688183, y: 0.000000043257337, z: 0.666538, w: 0.74547106}
  m_LocalPosition: {x: -0.05466751, y: 0, z: 0}
  m_LocalScale: {x: 1.0000002, y: 1.0000001, z: 1.0000002}
  m_Children:
  - {fileID: 4647359032680532}
  m_Father: {fileID: 4124471596392848}
  m_RootOrder: 0
  m_LocalEulerAnglesHint: {x: 0, y: 0, z: 0}
--- !u!4 &4931861613808078
Transform:
  m_ObjectHideFlags: 1
  m_CorrespondingSourceObject: {fileID: 0}
  m_PrefabInternal: {fileID: 100100000}
  m_GameObject: {fileID: 1613467377719566}
  m_LocalRotation: {x: 0.021491034, y: -0.0068899547, z: 0.12952246, w: 0.99131966}
  m_LocalPosition: {x: -0.114150845, y: 0.000000038146972, z: 0}
  m_LocalScale: {x: 1.0000005, y: 1.0000001, z: 1.0000006}
  m_Children:
  - {fileID: 4946738851107430}
  - {fileID: 4284676481949348}
  m_Father: {fileID: 4171750517323592}
  m_RootOrder: 0
  m_LocalEulerAnglesHint: {x: 0, y: 0, z: 0}
--- !u!4 &4946738851107430
Transform:
  m_ObjectHideFlags: 1
  m_CorrespondingSourceObject: {fileID: 0}
  m_PrefabInternal: {fileID: 100100000}
  m_GameObject: {fileID: 1641031767947998}
  m_LocalRotation: {x: -0.6736263, y: 0.73907214, z: -0.0000008457347, w: 0.0000004558127}
  m_LocalPosition: {x: -0.0974884, y: 0.028021373, z: 0.00000065963985}
  m_LocalScale: {x: 1.0000012, y: 1.0000006, z: 0.9999998}
  m_Children: []
  m_Father: {fileID: 4931861613808078}
  m_RootOrder: 0
  m_LocalEulerAnglesHint: {x: 0, y: 0, z: 0}
--- !u!4 &4963048061161978
Transform:
  m_ObjectHideFlags: 1
  m_CorrespondingSourceObject: {fileID: 0}
  m_PrefabInternal: {fileID: 100100000}
  m_GameObject: {fileID: 1901498725191638}
  m_LocalRotation: {x: -0.047514293, y: -0.03212302, z: 0.42740485, w: 0.9022392}
  m_LocalPosition: {x: -0.45403072, y: 0.000000076293944, z: 0.000000047683713}
  m_LocalScale: {x: 1, y: 0.99999994, z: 1.0000001}
  m_Children:
  - {fileID: 4633058638210046}
  m_Father: {fileID: 4580991175468286}
  m_RootOrder: 0
  m_LocalEulerAnglesHint: {x: 0, y: 0, z: 0}
--- !u!4 &4981674369364600
Transform:
  m_ObjectHideFlags: 1
  m_CorrespondingSourceObject: {fileID: 0}
  m_PrefabInternal: {fileID: 100100000}
  m_GameObject: {fileID: 1776259180210114}
  m_LocalRotation: {x: 0.000000014901161, y: 0.000000074505806, z: 0.000000044703484,
    w: 1}
  m_LocalPosition: {x: -0.08500004, y: 0.186, z: 0.187}
  m_LocalScale: {x: 0.99999934, y: 0.99999994, z: 1.0000002}
  m_Children: []
  m_Father: {fileID: 4579253179688400}
  m_RootOrder: 5
  m_LocalEulerAnglesHint: {x: 0, y: 0, z: 0}
--- !u!4 &4997812030229030
Transform:
  m_ObjectHideFlags: 1
  m_CorrespondingSourceObject: {fileID: 0}
  m_PrefabInternal: {fileID: 100100000}
  m_GameObject: {fileID: 1383611957374160}
  m_LocalRotation: {x: 0.00000004584048, y: -0.000000028995528, z: 0.6657512, w: 0.74617386}
  m_LocalPosition: {x: -0.05466751, y: -0.000000076293944, z: -0.000000038146972}
  m_LocalScale: {x: 1.0000001, y: 1.0000002, z: 1.0000001}
  m_Children:
  - {fileID: 4617754787018858}
  m_Father: {fileID: 4213209724497446}
  m_RootOrder: 0
  m_LocalEulerAnglesHint: {x: 0, y: 0, z: 0}
--- !u!95 &95091275767071118
Animator:
  serializedVersion: 3
  m_ObjectHideFlags: 1
  m_CorrespondingSourceObject: {fileID: 0}
  m_PrefabInternal: {fileID: 100100000}
  m_GameObject: {fileID: 1643910726283698}
  m_Enabled: 1
  m_Avatar: {fileID: 9000000, guid: 8b0cbfe1516f0354592374482e3a33b3, type: 3}
  m_Controller: {fileID: 9100000, guid: c3743bb87925edc4e9ed4a10fe140349, type: 2}
  m_CullingMode: 1
  m_UpdateMode: 0
  m_ApplyRootMotion: 0
  m_LinearVelocityBlending: 0
  m_WarningMessage: 
  m_HasTransformHierarchy: 1
  m_AllowConstantClipSamplingOptimization: 1
  m_KeepAnimatorControllerStateOnDisable: 0
--- !u!114 &114741187989624784
MonoBehaviour:
  m_ObjectHideFlags: 1
  m_CorrespondingSourceObject: {fileID: 0}
  m_PrefabInternal: {fileID: 100100000}
  m_GameObject: {fileID: 1643910726283698}
  m_Enabled: 1
  m_EditorHideFlags: 0
  m_Script: {fileID: 11500000, guid: 8498e0aa31c39d54f8d62e7a79cf5636, type: 3}
  m_Name: 
  m_EditorClassIdentifier: 
  _pivots:
  - bone: {fileID: 4212419263306134}
    type: 0
  - bone: {fileID: 4528204683715338}
    type: 1
  - bone: {fileID: 4981674369364600}
    type: 2
  - bone: {fileID: 4208568337422974}
    type: 3
  - bone: {fileID: 4725290245454192}
    type: 4
  - bone: {fileID: 4648350870268316}
    type: 5
  _samplePivPoints: {fileID: 114368676401663658, guid: b6f2b740704d20e489e19e176ae11fc1,
    type: 2}
--- !u!114 &114817849608840410
MonoBehaviour:
  m_ObjectHideFlags: 1
  m_CorrespondingSourceObject: {fileID: 0}
  m_PrefabInternal: {fileID: 100100000}
  m_GameObject: {fileID: 1050751075102558}
  m_Enabled: 1
  m_EditorHideFlags: 0
  m_Script: {fileID: 11500000, guid: 55b4aae9ecf509e4ab26a944ee5da930, type: 3}
  m_Name: 
  m_EditorClassIdentifier: 
  closePosition: {x: -0.007, y: 0.048, z: 0}
  closeRotation: {x: 0, y: -180, z: -70.26701}
  openPosition: {x: -0.007, y: 0.048, z: 0}
  openRotation: {x: 0, y: -180, z: -60.263}
--- !u!137 &137498736348332942
SkinnedMeshRenderer:
  m_ObjectHideFlags: 1
  m_CorrespondingSourceObject: {fileID: 0}
  m_PrefabInternal: {fileID: 100100000}
  m_GameObject: {fileID: 1833011325172876}
  m_Enabled: 1
  m_CastShadows: 1
  m_ReceiveShadows: 1
  m_DynamicOccludee: 1
  m_MotionVectors: 1
  m_LightProbeUsage: 1
  m_ReflectionProbeUsage: 1
  m_RenderingLayerMask: 4294967295
  m_Materials:
  - {fileID: 2100000, guid: a7fa442b4f06b79429e730b60e06e931, type: 2}
  m_StaticBatchInfo:
    firstSubMesh: 0
    subMeshCount: 0
  m_StaticBatchRoot: {fileID: 0}
  m_ProbeAnchor: {fileID: 0}
  m_LightProbeVolumeOverride: {fileID: 0}
  m_ScaleInLightmap: 1
  m_PreserveUVs: 0
  m_IgnoreNormalsForChartDetection: 0
  m_ImportantGI: 0
  m_StitchLightmapSeams: 0
  m_SelectedEditorRenderState: 3
  m_MinimumChartSize: 4
  m_AutoUVMaxDistance: 0.5
  m_AutoUVMaxAngle: 89
  m_LightmapParameters: {fileID: 0}
  m_SortingLayerID: 0
  m_SortingLayer: 0
  m_SortingOrder: 0
  serializedVersion: 2
  m_Quality: 0
  m_UpdateWhenOffscreen: 0
  m_SkinnedMotionVectors: 1
  m_Mesh: {fileID: 4300154, guid: 8b0cbfe1516f0354592374482e3a33b3, type: 3}
  m_Bones:
  - {fileID: 4633058638210046}
  - {fileID: 4963048061161978}
  - {fileID: 4475981679864586}
  - {fileID: 4851892561561324}
  - {fileID: 4400859571335768}
  - {fileID: 4165328951171646}
  m_BlendShapeWeights: []
  m_RootBone: {fileID: 4400859571335768}
  m_AABB:
    m_Center: {x: -0.2958461, y: 0.09036352, z: -0.23592164}
    m_Extent: {x: 0.27171224, y: 0.26000136, z: 0.33905005}
  m_DirtyAABB: 0
--- !u!137 &137857434856938960
SkinnedMeshRenderer:
  m_ObjectHideFlags: 1
  m_CorrespondingSourceObject: {fileID: 0}
  m_PrefabInternal: {fileID: 100100000}
  m_GameObject: {fileID: 1001189640015280}
  m_Enabled: 1
  m_CastShadows: 1
  m_ReceiveShadows: 1
  m_DynamicOccludee: 1
  m_MotionVectors: 1
  m_LightProbeUsage: 1
  m_ReflectionProbeUsage: 1
  m_RenderingLayerMask: 4294967295
  m_Materials:
  - {fileID: 2100000, guid: c59fa1eae889d874f93fc306e33cf844, type: 2}
  m_StaticBatchInfo:
    firstSubMesh: 0
    subMeshCount: 0
  m_StaticBatchRoot: {fileID: 0}
  m_ProbeAnchor: {fileID: 0}
  m_LightProbeVolumeOverride: {fileID: 0}
  m_ScaleInLightmap: 1
  m_PreserveUVs: 0
  m_IgnoreNormalsForChartDetection: 0
  m_ImportantGI: 0
  m_StitchLightmapSeams: 0
  m_SelectedEditorRenderState: 3
  m_MinimumChartSize: 4
  m_AutoUVMaxDistance: 0.5
  m_AutoUVMaxAngle: 89
  m_LightmapParameters: {fileID: 0}
  m_SortingLayerID: 0
  m_SortingLayer: 0
  m_SortingOrder: 0
  serializedVersion: 2
  m_Quality: 0
  m_UpdateWhenOffscreen: 0
  m_SkinnedMotionVectors: 1
  m_Mesh: {fileID: 4300158, guid: 8b0cbfe1516f0354592374482e3a33b3, type: 3}
  m_Bones:
  - {fileID: 4579253179688400}
  - {fileID: 4513985398077178}
  - {fileID: 4580991175468286}
  - {fileID: 4216346228958366}
  - {fileID: 4123507908766360}
  - {fileID: 4011825512005010}
  - {fileID: 4963048061161978}
  - {fileID: 4315367911856774}
  - {fileID: 4931861613808078}
  - {fileID: 4817792063852710}
  - {fileID: 4094028056765828}
  - {fileID: 4517492928469124}
  - {fileID: 4527518499113838}
  - {fileID: 4171750517323592}
  - {fileID: 4946738851107430}
  - {fileID: 4284676481949348}
  - {fileID: 4163195955219446}
  - {fileID: 4477456618064520}
  - {fileID: 4512034270026064}
  - {fileID: 4770086911959418}
  - {fileID: 4617754787018858}
  - {fileID: 4157004541361076}
  - {fileID: 4213209724497446}
  - {fileID: 4997812030229030}
  - {fileID: 4465841072621564}
  - {fileID: 4008680508871770}
  - {fileID: 4400859571335768}
  - {fileID: 4242537115486252}
  - {fileID: 4077382025117150}
  - {fileID: 4742806380824942}
  - {fileID: 4553204591175672}
  - {fileID: 4006716264454992}
  - {fileID: 4040052220151562}
  - {fileID: 4679943564214530}
  - {fileID: 4706531675259326}
  - {fileID: 4863277092287728}
  - {fileID: 4647359032680532}
  - {fileID: 4049046178689774}
  - {fileID: 4124471596392848}
  - {fileID: 4104476659465038}
  - {fileID: 4633058638210046}
  - {fileID: 4475981679864586}
  - {fileID: 4851892561561324}
  - {fileID: 4165328951171646}
  m_BlendShapeWeights: []
  m_RootBone: {fileID: 4579253179688400}
  m_AABB:
    m_Center: {x: -0.014298409, y: 0.19820543, z: -0.019223928}
    m_Extent: {x: 0.90874267, y: 0.41441697, z: 0.48637563}
  m_DirtyAABB: 0
