%YAML 1.1
%TAG !u! tag:unity3d.com,2011:
--- !u!1001 &100100000
Prefab:
  m_ObjectHideFlags: 1
  serializedVersion: 2
  m_Modification:
    m_TransformParent: {fileID: 0}
    m_Modifications: []
    m_RemovedComponents: []
  m_SourcePrefab: {fileID: 0}
  m_RootGameObject: {fileID: 1003988849942778}
  m_IsPrefabAsset: 1
--- !u!1 &1002342294071802
GameObject:
  m_ObjectHideFlags: 1
  m_CorrespondingSourceObject: {fileID: 0}
  m_PrefabInternal: {fileID: 100100000}
  serializedVersion: 6
  m_Component:
  - component: {fileID: 4911352407752272}
  m_Layer: 0
  m_Name: bon_gob_war_jaw
  m_TagString: Untagged
  m_Icon: {fileID: 0}
  m_NavMeshLayer: 0
  m_StaticEditorFlags: 0
  m_IsActive: 1
--- !u!1 &1002883165459198
GameObject:
  m_ObjectHideFlags: 1
  m_CorrespondingSourceObject: {fileID: 0}
  m_PrefabInternal: {fileID: 100100000}
  serializedVersion: 6
  m_Component:
  - component: {fileID: 4292300900405414}
  m_Layer: 0
  m_Name: Base HumanLDigit23
  m_TagString: Untagged
  m_Icon: {fileID: 0}
  m_NavMeshLayer: 0
  m_StaticEditorFlags: 0
  m_IsActive: 1
--- !u!1 &1003988849942778
GameObject:
  m_ObjectHideFlags: 0
  m_CorrespondingSourceObject: {fileID: 0}
  m_PrefabInternal: {fileID: 100100000}
  serializedVersion: 6
  m_Component:
  - component: {fileID: 4511637051850240}
  - component: {fileID: 95001778773129106}
  - component: {fileID: 114638741417792766}
  m_Layer: 0
  m_Name: female_03
  m_TagString: Untagged
  m_Icon: {fileID: 0}
  m_NavMeshLayer: 0
  m_StaticEditorFlags: 0
  m_IsActive: 1
--- !u!1 &1053880519480168
GameObject:
  m_ObjectHideFlags: 1
  m_CorrespondingSourceObject: {fileID: 0}
  m_PrefabInternal: {fileID: 100100000}
  serializedVersion: 6
  m_Component:
  - component: {fileID: 4059311322195156}
  m_Layer: 0
  m_Name: Base HumanRDigit41
  m_TagString: Untagged
  m_Icon: {fileID: 0}
  m_NavMeshLayer: 0
  m_StaticEditorFlags: 0
  m_IsActive: 1
--- !u!1 &1063467991417770
GameObject:
  m_ObjectHideFlags: 1
  m_CorrespondingSourceObject: {fileID: 0}
  m_PrefabInternal: {fileID: 100100000}
  serializedVersion: 6
  m_Component:
  - component: {fileID: 4654916389575332}
  m_Layer: 0
  m_Name: bon_gob_war_face
  m_TagString: Untagged
  m_Icon: {fileID: 0}
  m_NavMeshLayer: 0
  m_StaticEditorFlags: 0
  m_IsActive: 1
--- !u!1 &1069410502304036
GameObject:
  m_ObjectHideFlags: 1
  m_CorrespondingSourceObject: {fileID: 0}
  m_PrefabInternal: {fileID: 100100000}
  serializedVersion: 6
  m_Component:
  - component: {fileID: 4453177526106228}
  m_Layer: 0
  m_Name: Base HumanRDigit23
  m_TagString: Untagged
  m_Icon: {fileID: 0}
  m_NavMeshLayer: 0
  m_StaticEditorFlags: 0
  m_IsActive: 1
--- !u!1 &1124847549749604
GameObject:
  m_ObjectHideFlags: 0
  m_CorrespondingSourceObject: {fileID: 0}
  m_PrefabInternal: {fileID: 100100000}
  serializedVersion: 6
  m_Component:
  - component: {fileID: 4048360302136226}
  - component: {fileID: 137025062067633398}
  m_Layer: 0
  m_Name: villager_female_hat_B
  m_TagString: Untagged
  m_Icon: {fileID: 0}
  m_NavMeshLayer: 0
  m_StaticEditorFlags: 0
  m_IsActive: 1
--- !u!1 &1128818787441954
GameObject:
  m_ObjectHideFlags: 1
  m_CorrespondingSourceObject: {fileID: 0}
  m_PrefabInternal: {fileID: 100100000}
  serializedVersion: 6
  m_Component:
  - component: {fileID: 4510755226421840}
  m_Layer: 0
  m_Name: Base HumanLDigit31
  m_TagString: Untagged
  m_Icon: {fileID: 0}
  m_NavMeshLayer: 0
  m_StaticEditorFlags: 0
  m_IsActive: 1
--- !u!1 &1137801809540416
GameObject:
  m_ObjectHideFlags: 1
  m_CorrespondingSourceObject: {fileID: 0}
  m_PrefabInternal: {fileID: 100100000}
  serializedVersion: 6
  m_Component:
  - component: {fileID: 4205595814297276}
  m_Layer: 0
  m_Name: Base HumanLFoot
  m_TagString: Untagged
  m_Icon: {fileID: 0}
  m_NavMeshLayer: 0
  m_StaticEditorFlags: 0
  m_IsActive: 1
--- !u!1 &1156232421318820
GameObject:
  m_ObjectHideFlags: 1
  m_CorrespondingSourceObject: {fileID: 0}
  m_PrefabInternal: {fileID: 100100000}
  serializedVersion: 6
  m_Component:
  - component: {fileID: 4352792119723210}
  m_Layer: 0
  m_Name: Base HumanRDigit53
  m_TagString: Untagged
  m_Icon: {fileID: 0}
  m_NavMeshLayer: 0
  m_StaticEditorFlags: 0
  m_IsActive: 1
--- !u!1 &1158961026920180
GameObject:
  m_ObjectHideFlags: 1
  m_CorrespondingSourceObject: {fileID: 0}
  m_PrefabInternal: {fileID: 100100000}
  serializedVersion: 6
  m_Component:
  - component: {fileID: 4644217895864560}
  m_Layer: 0
  m_Name: Base HumanLUpperarm
  m_TagString: Untagged
  m_Icon: {fileID: 0}
  m_NavMeshLayer: 0
  m_StaticEditorFlags: 0
  m_IsActive: 1
--- !u!1 &1199869555634462
GameObject:
  m_ObjectHideFlags: 1
  m_CorrespondingSourceObject: {fileID: 0}
  m_PrefabInternal: {fileID: 100100000}
  serializedVersion: 6
  m_Component:
  - component: {fileID: 4223738115187530}
  m_Layer: 0
  m_Name: Base HumanLDigit33
  m_TagString: Untagged
  m_Icon: {fileID: 0}
  m_NavMeshLayer: 0
  m_StaticEditorFlags: 0
  m_IsActive: 1
--- !u!1 &1239670365019430
GameObject:
  m_ObjectHideFlags: 1
  m_CorrespondingSourceObject: {fileID: 0}
  m_PrefabInternal: {fileID: 100100000}
  serializedVersion: 6
  m_Component:
  - component: {fileID: 4527687933320252}
  m_Layer: 0
  m_Name: Base HumanLDigit22
  m_TagString: Untagged
  m_Icon: {fileID: 0}
  m_NavMeshLayer: 0
  m_StaticEditorFlags: 0
  m_IsActive: 1
--- !u!1 &1243675513201590
GameObject:
  m_ObjectHideFlags: 1
  m_CorrespondingSourceObject: {fileID: 0}
  m_PrefabInternal: {fileID: 100100000}
  serializedVersion: 6
  m_Component:
  - component: {fileID: 4000578268089826}
  m_Layer: 0
  m_Name: Base HumanLDigit32
  m_TagString: Untagged
  m_Icon: {fileID: 0}
  m_NavMeshLayer: 0
  m_StaticEditorFlags: 0
  m_IsActive: 1
--- !u!1 &1260021215600372
GameObject:
  m_ObjectHideFlags: 1
  m_CorrespondingSourceObject: {fileID: 0}
  m_PrefabInternal: {fileID: 100100000}
  serializedVersion: 6
  m_Component:
  - component: {fileID: 4547343059634848}
  m_Layer: 0
  m_Name: Base HumanLDigit11
  m_TagString: Untagged
  m_Icon: {fileID: 0}
  m_NavMeshLayer: 0
  m_StaticEditorFlags: 0
  m_IsActive: 1
--- !u!1 &1268373064415404
GameObject:
  m_ObjectHideFlags: 1
  m_CorrespondingSourceObject: {fileID: 0}
  m_PrefabInternal: {fileID: 100100000}
  serializedVersion: 6
  m_Component:
  - component: {fileID: 4666198535199586}
  m_Layer: 0
  m_Name: Base HumanLCollarbone
  m_TagString: Untagged
  m_Icon: {fileID: 0}
  m_NavMeshLayer: 0
  m_StaticEditorFlags: 0
  m_IsActive: 1
--- !u!1 &1288845689825712
GameObject:
  m_ObjectHideFlags: 1
  m_CorrespondingSourceObject: {fileID: 0}
  m_PrefabInternal: {fileID: 100100000}
  serializedVersion: 6
  m_Component:
  - component: {fileID: 4844921104696924}
  m_Layer: 0
  m_Name: Base HumanRThigh
  m_TagString: Untagged
  m_Icon: {fileID: 0}
  m_NavMeshLayer: 0
  m_StaticEditorFlags: 0
  m_IsActive: 1
--- !u!1 &1290165641381010
GameObject:
  m_ObjectHideFlags: 1
  m_CorrespondingSourceObject: {fileID: 0}
  m_PrefabInternal: {fileID: 100100000}
  serializedVersion: 6
  m_Component:
  - component: {fileID: 4772923031113094}
  m_Layer: 0
  m_Name: Base HumanRDigit12
  m_TagString: Untagged
  m_Icon: {fileID: 0}
  m_NavMeshLayer: 0
  m_StaticEditorFlags: 0
  m_IsActive: 1
--- !u!1 &1290387842011158
GameObject:
  m_ObjectHideFlags: 0
  m_CorrespondingSourceObject: {fileID: 0}
  m_PrefabInternal: {fileID: 100100000}
  serializedVersion: 6
  m_Component:
  - component: {fileID: 4983362562773086}
  - component: {fileID: 137148193692561248}
  m_Layer: 0
  m_Name: villager_female_B_body
  m_TagString: Untagged
  m_Icon: {fileID: 0}
  m_NavMeshLayer: 0
  m_StaticEditorFlags: 0
  m_IsActive: 1
--- !u!1 &1291647008947024
GameObject:
  m_ObjectHideFlags: 1
  m_CorrespondingSourceObject: {fileID: 0}
  m_PrefabInternal: {fileID: 100100000}
  serializedVersion: 6
  m_Component:
  - component: {fileID: 4125952360505964}
  m_Layer: 0
  m_Name: Base HumanRDigit21
  m_TagString: Untagged
  m_Icon: {fileID: 0}
  m_NavMeshLayer: 0
  m_StaticEditorFlags: 0
  m_IsActive: 1
--- !u!1 &1299124576566992
GameObject:
  m_ObjectHideFlags: 1
  m_CorrespondingSourceObject: {fileID: 0}
  m_PrefabInternal: {fileID: 100100000}
  serializedVersion: 6
  m_Component:
  - component: {fileID: 4411849054846498}
  m_Layer: 0
  m_Name: Base HumanLDigit12
  m_TagString: Untagged
  m_Icon: {fileID: 0}
  m_NavMeshLayer: 0
  m_StaticEditorFlags: 0
  m_IsActive: 1
--- !u!1 &1337608647325650
GameObject:
  m_ObjectHideFlags: 1
  m_CorrespondingSourceObject: {fileID: 0}
  m_PrefabInternal: {fileID: 100100000}
  serializedVersion: 6
  m_Component:
  - component: {fileID: 4672854962155042}
  m_Layer: 0
  m_Name: Base HumanNeck
  m_TagString: Untagged
  m_Icon: {fileID: 0}
  m_NavMeshLayer: 0
  m_StaticEditorFlags: 0
  m_IsActive: 1
--- !u!1 &1340284416801352
GameObject:
  m_ObjectHideFlags: 1
  m_CorrespondingSourceObject: {fileID: 0}
  m_PrefabInternal: {fileID: 100100000}
  serializedVersion: 6
  m_Component:
  - component: {fileID: 4322274395375130}
  m_Layer: 0
  m_Name: Base HumanLDigit21
  m_TagString: Untagged
  m_Icon: {fileID: 0}
  m_NavMeshLayer: 0
  m_StaticEditorFlags: 0
  m_IsActive: 1
--- !u!1 &1343229315745472
GameObject:
  m_ObjectHideFlags: 1
  m_CorrespondingSourceObject: {fileID: 0}
  m_PrefabInternal: {fileID: 100100000}
  serializedVersion: 6
  m_Component:
  - component: {fileID: 4382241655341486}
  m_Layer: 0
  m_Name: Base HumanTail2
  m_TagString: Untagged
  m_Icon: {fileID: 0}
  m_NavMeshLayer: 0
  m_StaticEditorFlags: 0
  m_IsActive: 1
--- !u!1 &1344810329435650
GameObject:
  m_ObjectHideFlags: 1
  m_CorrespondingSourceObject: {fileID: 0}
  m_PrefabInternal: {fileID: 100100000}
  serializedVersion: 6
  m_Component:
  - component: {fileID: 4226250635193838}
  m_Layer: 0
  m_Name: Base HumanRDigit51
  m_TagString: Untagged
  m_Icon: {fileID: 0}
  m_NavMeshLayer: 0
  m_StaticEditorFlags: 0
  m_IsActive: 1
--- !u!1 &1361939067377822
GameObject:
  m_ObjectHideFlags: 1
  m_CorrespondingSourceObject: {fileID: 0}
  m_PrefabInternal: {fileID: 100100000}
  serializedVersion: 6
  m_Component:
  - component: {fileID: 4457447368863102}
  m_Layer: 0
  m_Name: Base HumanLDigit41
  m_TagString: Untagged
  m_Icon: {fileID: 0}
  m_NavMeshLayer: 0
  m_StaticEditorFlags: 0
  m_IsActive: 1
--- !u!1 &1365689874366610
GameObject:
  m_ObjectHideFlags: 1
  m_CorrespondingSourceObject: {fileID: 0}
  m_PrefabInternal: {fileID: 100100000}
  serializedVersion: 6
  m_Component:
  - component: {fileID: 4574616287584282}
  m_Layer: 0
  m_Name: Base HumanSpine2
  m_TagString: Untagged
  m_Icon: {fileID: 0}
  m_NavMeshLayer: 0
  m_StaticEditorFlags: 0
  m_IsActive: 1
--- !u!1 &1403888004654774
GameObject:
  m_ObjectHideFlags: 1
  m_CorrespondingSourceObject: {fileID: 0}
  m_PrefabInternal: {fileID: 100100000}
  serializedVersion: 6
  m_Component:
  - component: {fileID: 4737242004816662}
  m_Layer: 0
  m_Name: Base HumanRCollarbone
  m_TagString: Untagged
  m_Icon: {fileID: 0}
  m_NavMeshLayer: 0
  m_StaticEditorFlags: 0
  m_IsActive: 1
--- !u!1 &1423054205376472
GameObject:
  m_ObjectHideFlags: 0
  m_CorrespondingSourceObject: {fileID: 0}
  m_PrefabInternal: {fileID: 100100000}
  serializedVersion: 6
  m_Component:
  - component: {fileID: 4873027457259320}
  m_Layer: 0
  m_Name: Base HumanPelvis
  m_TagString: Untagged
  m_Icon: {fileID: 0}
  m_NavMeshLayer: 0
  m_StaticEditorFlags: 0
  m_IsActive: 1
--- !u!1 &1426731659121502
GameObject:
  m_ObjectHideFlags: 1
  m_CorrespondingSourceObject: {fileID: 0}
  m_PrefabInternal: {fileID: 100100000}
  serializedVersion: 6
  m_Component:
  - component: {fileID: 4588872372369626}
  m_Layer: 0
  m_Name: Base HumanRibcage
  m_TagString: Untagged
  m_Icon: {fileID: 0}
  m_NavMeshLayer: 0
  m_StaticEditorFlags: 0
  m_IsActive: 1
--- !u!1 &1431039083231366
GameObject:
  m_ObjectHideFlags: 1
  m_CorrespondingSourceObject: {fileID: 0}
  m_PrefabInternal: {fileID: 100100000}
  serializedVersion: 6
  m_Component:
  - component: {fileID: 4264476807329270}
  m_Layer: 0
  m_Name: Base HumanRDigit52
  m_TagString: Untagged
  m_Icon: {fileID: 0}
  m_NavMeshLayer: 0
  m_StaticEditorFlags: 0
  m_IsActive: 1
--- !u!1 &1447440066719992
GameObject:
  m_ObjectHideFlags: 1
  m_CorrespondingSourceObject: {fileID: 0}
  m_PrefabInternal: {fileID: 100100000}
  serializedVersion: 6
  m_Component:
  - component: {fileID: 4984581544561816}
  m_Layer: 0
  m_Name: Base HumanTail3
  m_TagString: Untagged
  m_Icon: {fileID: 0}
  m_NavMeshLayer: 0
  m_StaticEditorFlags: 0
  m_IsActive: 1
--- !u!1 &1460262282777260
GameObject:
  m_ObjectHideFlags: 1
  m_CorrespondingSourceObject: {fileID: 0}
  m_PrefabInternal: {fileID: 100100000}
  serializedVersion: 6
  m_Component:
  - component: {fileID: 4230147916326342}
  m_Layer: 0
  m_Name: Base HumanRUpperarm
  m_TagString: Untagged
  m_Icon: {fileID: 0}
  m_NavMeshLayer: 0
  m_StaticEditorFlags: 0
  m_IsActive: 1
--- !u!1 &1527245967533994
GameObject:
  m_ObjectHideFlags: 1
  m_CorrespondingSourceObject: {fileID: 0}
  m_PrefabInternal: {fileID: 100100000}
  serializedVersion: 6
  m_Component:
  - component: {fileID: 4897189571067422}
  m_Layer: 0
  m_Name: Base HumanSpine3
  m_TagString: Untagged
  m_Icon: {fileID: 0}
  m_NavMeshLayer: 0
  m_StaticEditorFlags: 0
  m_IsActive: 1
--- !u!1 &1547494647490360
GameObject:
  m_ObjectHideFlags: 1
  m_CorrespondingSourceObject: {fileID: 0}
  m_PrefabInternal: {fileID: 100100000}
  serializedVersion: 6
  m_Component:
  - component: {fileID: 4483777984749578}
  m_Layer: 0
  m_Name: Base HumanLDigit52
  m_TagString: Untagged
  m_Icon: {fileID: 0}
  m_NavMeshLayer: 0
  m_StaticEditorFlags: 0
  m_IsActive: 1
--- !u!1 &1556184112457134
GameObject:
  m_ObjectHideFlags: 1
  m_CorrespondingSourceObject: {fileID: 0}
  m_PrefabInternal: {fileID: 100100000}
  serializedVersion: 6
  m_Component:
  - component: {fileID: 4064256139653580}
  m_Layer: 0
  m_Name: Base HumanRDigit32
  m_TagString: Untagged
  m_Icon: {fileID: 0}
  m_NavMeshLayer: 0
  m_StaticEditorFlags: 0
  m_IsActive: 1
--- !u!1 &1592055572514426
GameObject:
  m_ObjectHideFlags: 1
  m_CorrespondingSourceObject: {fileID: 0}
  m_PrefabInternal: {fileID: 100100000}
  serializedVersion: 6
  m_Component:
  - component: {fileID: 4035086980382572}
  m_Layer: 0
  m_Name: Base HumanRDigit42
  m_TagString: Untagged
  m_Icon: {fileID: 0}
  m_NavMeshLayer: 0
  m_StaticEditorFlags: 0
  m_IsActive: 1
--- !u!1 &1601534976220872
GameObject:
  m_ObjectHideFlags: 1
  m_CorrespondingSourceObject: {fileID: 0}
  m_PrefabInternal: {fileID: 100100000}
  serializedVersion: 6
  m_Component:
  - component: {fileID: 4387588279260110}
  m_Layer: 0
  m_Name: Base HumanRDigit31
  m_TagString: Untagged
  m_Icon: {fileID: 0}
  m_NavMeshLayer: 0
  m_StaticEditorFlags: 0
  m_IsActive: 1
--- !u!1 &1615963775065928
GameObject:
  m_ObjectHideFlags: 1
  m_CorrespondingSourceObject: {fileID: 0}
  m_PrefabInternal: {fileID: 100100000}
  serializedVersion: 6
  m_Component:
  - component: {fileID: 4196028441755294}
  m_Layer: 0
  m_Name: Base HumanRDigit13
  m_TagString: Untagged
  m_Icon: {fileID: 0}
  m_NavMeshLayer: 0
  m_StaticEditorFlags: 0
  m_IsActive: 1
--- !u!1 &1631660663405356
GameObject:
  m_ObjectHideFlags: 1
  m_CorrespondingSourceObject: {fileID: 0}
  m_PrefabInternal: {fileID: 100100000}
  serializedVersion: 6
  m_Component:
  - component: {fileID: 4134027385829294}
  m_Layer: 0
  m_Name: Base HumanLCalf
  m_TagString: Untagged
  m_Icon: {fileID: 0}
  m_NavMeshLayer: 0
  m_StaticEditorFlags: 0
  m_IsActive: 1
--- !u!1 &1654172448687336
GameObject:
  m_ObjectHideFlags: 1
  m_CorrespondingSourceObject: {fileID: 0}
  m_PrefabInternal: {fileID: 100100000}
  serializedVersion: 6
  m_Component:
  - component: {fileID: 4129470439998188}
  m_Layer: 0
  m_Name: Base HumanRDigit22
  m_TagString: Untagged
  m_Icon: {fileID: 0}
  m_NavMeshLayer: 0
  m_StaticEditorFlags: 0
  m_IsActive: 1
--- !u!1 &1673858614918574
GameObject:
  m_ObjectHideFlags: 1
  m_CorrespondingSourceObject: {fileID: 0}
  m_PrefabInternal: {fileID: 100100000}
  serializedVersion: 6
  m_Component:
  - component: {fileID: 4487154614979062}
  m_Layer: 0
  m_Name: Base HumanLDigit13
  m_TagString: Untagged
  m_Icon: {fileID: 0}
  m_NavMeshLayer: 0
  m_StaticEditorFlags: 0
  m_IsActive: 1
--- !u!1 &1694744256776402
GameObject:
  m_ObjectHideFlags: 1
  m_CorrespondingSourceObject: {fileID: 0}
  m_PrefabInternal: {fileID: 100100000}
  serializedVersion: 6
  m_Component:
  - component: {fileID: 4445889057519662}
  m_Layer: 0
  m_Name: Base HumanSpine1
  m_TagString: Untagged
  m_Icon: {fileID: 0}
  m_NavMeshLayer: 0
  m_StaticEditorFlags: 0
  m_IsActive: 1
--- !u!1 &1704595685079546
GameObject:
  m_ObjectHideFlags: 1
  m_CorrespondingSourceObject: {fileID: 0}
  m_PrefabInternal: {fileID: 100100000}
  serializedVersion: 6
  m_Component:
  - component: {fileID: 4089370475241406}
  m_Layer: 0
  m_Name: Base HumanLDigit11 1
  m_TagString: Untagged
  m_Icon: {fileID: 0}
  m_NavMeshLayer: 0
  m_StaticEditorFlags: 0
  m_IsActive: 1
--- !u!1 &1708061693065276
GameObject:
  m_ObjectHideFlags: 1
  m_CorrespondingSourceObject: {fileID: 0}
  m_PrefabInternal: {fileID: 100100000}
  serializedVersion: 6
  m_Component:
  - component: {fileID: 4973192249445656}
  m_Layer: 0
  m_Name: Base HumanRPalm
  m_TagString: Untagged
  m_Icon: {fileID: 0}
  m_NavMeshLayer: 0
  m_StaticEditorFlags: 0
  m_IsActive: 1
--- !u!1 &1721034532574846
GameObject:
  m_ObjectHideFlags: 1
  m_CorrespondingSourceObject: {fileID: 0}
  m_PrefabInternal: {fileID: 100100000}
  serializedVersion: 6
  m_Component:
  - component: {fileID: 4942637880608988}
  m_Layer: 0
  m_Name: Base HumanLDigit43
  m_TagString: Untagged
  m_Icon: {fileID: 0}
  m_NavMeshLayer: 0
  m_StaticEditorFlags: 0
  m_IsActive: 1
--- !u!1 &1735884322569256
GameObject:
  m_ObjectHideFlags: 1
  m_CorrespondingSourceObject: {fileID: 0}
  m_PrefabInternal: {fileID: 100100000}
  serializedVersion: 6
  m_Component:
  - component: {fileID: 4963425405215374}
  m_Layer: 0
  m_Name: Base HumanLDigit42
  m_TagString: Untagged
  m_Icon: {fileID: 0}
  m_NavMeshLayer: 0
  m_StaticEditorFlags: 0
  m_IsActive: 1
--- !u!1 &1738891292357060
GameObject:
  m_ObjectHideFlags: 1
  m_CorrespondingSourceObject: {fileID: 0}
  m_PrefabInternal: {fileID: 100100000}
  serializedVersion: 6
  m_Component:
  - component: {fileID: 4500896461251520}
  m_Layer: 0
  m_Name: Base HumanRDigit33
  m_TagString: Untagged
  m_Icon: {fileID: 0}
  m_NavMeshLayer: 0
  m_StaticEditorFlags: 0
  m_IsActive: 1
--- !u!1 &1756679253772150
GameObject:
  m_ObjectHideFlags: 1
  m_CorrespondingSourceObject: {fileID: 0}
  m_PrefabInternal: {fileID: 100100000}
  serializedVersion: 6
  m_Component:
  - component: {fileID: 4517413008546518}
  m_Layer: 0
  m_Name: Base HumanRDigit43
  m_TagString: Untagged
  m_Icon: {fileID: 0}
  m_NavMeshLayer: 0
  m_StaticEditorFlags: 0
  m_IsActive: 1
--- !u!1 &1763450679283466
GameObject:
  m_ObjectHideFlags: 1
  m_CorrespondingSourceObject: {fileID: 0}
  m_PrefabInternal: {fileID: 100100000}
  serializedVersion: 6
  m_Component:
  - component: {fileID: 4516181734650820}
  m_Layer: 0
  m_Name: Base HumanRForearm
  m_TagString: Untagged
  m_Icon: {fileID: 0}
  m_NavMeshLayer: 0
  m_StaticEditorFlags: 0
  m_IsActive: 1
--- !u!1 &1778678208587452
GameObject:
  m_ObjectHideFlags: 1
  m_CorrespondingSourceObject: {fileID: 0}
  m_PrefabInternal: {fileID: 100100000}
  serializedVersion: 6
  m_Component:
  - component: {fileID: 4364007972579274}
  m_Layer: 0
  m_Name: Base HumanLThigh
  m_TagString: Untagged
  m_Icon: {fileID: 0}
  m_NavMeshLayer: 0
  m_StaticEditorFlags: 0
  m_IsActive: 1
--- !u!1 &1827350211030142
GameObject:
  m_ObjectHideFlags: 1
  m_CorrespondingSourceObject: {fileID: 0}
  m_PrefabInternal: {fileID: 100100000}
  serializedVersion: 6
  m_Component:
  - component: {fileID: 4024472153468676}
  m_Layer: 0
  m_Name: Base HumanLPalm
  m_TagString: Untagged
  m_Icon: {fileID: 0}
  m_NavMeshLayer: 0
  m_StaticEditorFlags: 0
  m_IsActive: 1
--- !u!1 &1836804767151938
GameObject:
  m_ObjectHideFlags: 1
  m_CorrespondingSourceObject: {fileID: 0}
  m_PrefabInternal: {fileID: 100100000}
  serializedVersion: 6
  m_Component:
  - component: {fileID: 4175350106627318}
  m_Layer: 0
  m_Name: Base HumanTail1
  m_TagString: Untagged
  m_Icon: {fileID: 0}
  m_NavMeshLayer: 0
  m_StaticEditorFlags: 0
  m_IsActive: 1
--- !u!1 &1857474547215038
GameObject:
  m_ObjectHideFlags: 1
  m_CorrespondingSourceObject: {fileID: 0}
  m_PrefabInternal: {fileID: 100100000}
  serializedVersion: 6
  m_Component:
  - component: {fileID: 4691782748578368}
  m_Layer: 0
  m_Name: Base HumanRFoot
  m_TagString: Untagged
  m_Icon: {fileID: 0}
  m_NavMeshLayer: 0
  m_StaticEditorFlags: 0
  m_IsActive: 1
--- !u!1 &1869770835021638
GameObject:
  m_ObjectHideFlags: 1
  m_CorrespondingSourceObject: {fileID: 0}
  m_PrefabInternal: {fileID: 100100000}
  serializedVersion: 6
  m_Component:
  - component: {fileID: 4462999859315636}
  m_Layer: 0
  m_Name: Base HumanRDigit11 1
  m_TagString: Untagged
  m_Icon: {fileID: 0}
  m_NavMeshLayer: 0
  m_StaticEditorFlags: 0
  m_IsActive: 1
--- !u!1 &1937829790268602
GameObject:
  m_ObjectHideFlags: 1
  m_CorrespondingSourceObject: {fileID: 0}
  m_PrefabInternal: {fileID: 100100000}
  serializedVersion: 6
  m_Component:
  - component: {fileID: 4182861716345782}
  m_Layer: 0
  m_Name: Base HumanLDigit53
  m_TagString: Untagged
  m_Icon: {fileID: 0}
  m_NavMeshLayer: 0
  m_StaticEditorFlags: 0
  m_IsActive: 1
--- !u!1 &1946994047727550
GameObject:
  m_ObjectHideFlags: 1
  m_CorrespondingSourceObject: {fileID: 0}
  m_PrefabInternal: {fileID: 100100000}
  serializedVersion: 6
  m_Component:
  - component: {fileID: 4868667335487242}
  m_Layer: 0
  m_Name: Base HumanLForearm
  m_TagString: Untagged
  m_Icon: {fileID: 0}
  m_NavMeshLayer: 0
  m_StaticEditorFlags: 0
  m_IsActive: 1
--- !u!1 &1950915681967426
GameObject:
  m_ObjectHideFlags: 1
  m_CorrespondingSourceObject: {fileID: 0}
  m_PrefabInternal: {fileID: 100100000}
  serializedVersion: 6
  m_Component:
  - component: {fileID: 4268144071967024}
  m_Layer: 0
  m_Name: Base HumanLDigit51
  m_TagString: Untagged
  m_Icon: {fileID: 0}
  m_NavMeshLayer: 0
  m_StaticEditorFlags: 0
  m_IsActive: 1
--- !u!1 &1955043228525656
GameObject:
  m_ObjectHideFlags: 1
  m_CorrespondingSourceObject: {fileID: 0}
  m_PrefabInternal: {fileID: 100100000}
  serializedVersion: 6
  m_Component:
  - component: {fileID: 4200739649539114}
  m_Layer: 0
  m_Name: Base HumanRCalf
  m_TagString: Untagged
  m_Icon: {fileID: 0}
  m_NavMeshLayer: 0
  m_StaticEditorFlags: 0
  m_IsActive: 1
--- !u!1 &1982625337732434
GameObject:
  m_ObjectHideFlags: 1
  m_CorrespondingSourceObject: {fileID: 0}
  m_PrefabInternal: {fileID: 100100000}
  serializedVersion: 6
  m_Component:
  - component: {fileID: 4514661076758454}
  m_Layer: 0
  m_Name: Base HumanHead
  m_TagString: Untagged
  m_Icon: {fileID: 0}
  m_NavMeshLayer: 0
  m_StaticEditorFlags: 0
  m_IsActive: 1
--- !u!1 &1993541796140234
GameObject:
  m_ObjectHideFlags: 1
  m_CorrespondingSourceObject: {fileID: 0}
  m_PrefabInternal: {fileID: 100100000}
  serializedVersion: 6
  m_Component:
  - component: {fileID: 4484824968793380}
  m_Layer: 0
  m_Name: Base HumanRDigit11
  m_TagString: Untagged
  m_Icon: {fileID: 0}
  m_NavMeshLayer: 0
  m_StaticEditorFlags: 0
  m_IsActive: 1
--- !u!4 &4000578268089826
Transform:
  m_ObjectHideFlags: 1
  m_CorrespondingSourceObject: {fileID: 0}
  m_PrefabInternal: {fileID: 100100000}
  m_GameObject: {fileID: 1243675513201590}
  m_LocalRotation: {x: -0.0023112476, y: -0.00093776133, z: 0.3035374, w: 0.95281625}
  m_LocalPosition: {x: -0.04827713, y: -0.000000057220458, z: 0}
  m_LocalScale: {x: 1.0000001, y: 1, z: 1.0000001}
  m_Children:
  - {fileID: 4223738115187530}
  m_Father: {fileID: 4510755226421840}
  m_RootOrder: 0
  m_LocalEulerAnglesHint: {x: 0, y: 0, z: 0}
--- !u!4 &4024472153468676
Transform:
  m_ObjectHideFlags: 1
  m_CorrespondingSourceObject: {fileID: 0}
  m_PrefabInternal: {fileID: 100100000}
  m_GameObject: {fileID: 1827350211030142}
  m_LocalRotation: {x: -0.73562163, y: 0.03331236, z: 0.032149322, w: 0.6758088}
  m_LocalPosition: {x: -0.23780341, y: -0.000000019073486, z: 0.000000038146972}
  m_LocalScale: {x: 0.9999999, y: 0.9999998, z: 0.9999999}
  m_Children:
  - {fileID: 4089370475241406}
  - {fileID: 4322274395375130}
  - {fileID: 4510755226421840}
  - {fileID: 4457447368863102}
  - {fileID: 4268144071967024}
  m_Father: {fileID: 4868667335487242}
  m_RootOrder: 0
  m_LocalEulerAnglesHint: {x: 0, y: 0, z: 0}
--- !u!4 &4035086980382572
Transform:
  m_ObjectHideFlags: 1
  m_CorrespondingSourceObject: {fileID: 0}
  m_PrefabInternal: {fileID: 100100000}
  m_GameObject: {fileID: 1592055572514426}
  m_LocalRotation: {x: 0.000000033527595, y: -0.000000013766616, z: 0.41880625, w: 0.90807563}
  m_LocalPosition: {x: -0.04621353, y: 0, z: 0}
  m_LocalScale: {x: 0.99999994, y: 1.0000001, z: 1.0000001}
  m_Children:
  - {fileID: 4517413008546518}
  m_Father: {fileID: 4059311322195156}
  m_RootOrder: 0
  m_LocalEulerAnglesHint: {x: 0, y: 0, z: 0}
--- !u!4 &4048360302136226
Transform:
  m_ObjectHideFlags: 1
  m_CorrespondingSourceObject: {fileID: 0}
  m_PrefabInternal: {fileID: 100100000}
  m_GameObject: {fileID: 1124847549749604}
  m_LocalRotation: {x: -0.7071068, y: 0, z: -0, w: 0.7071068}
  m_LocalPosition: {x: 0.00011413574, y: 0, z: 0}
  m_LocalScale: {x: 1, y: 0.9999998, z: 0.9999998}
  m_Children: []
  m_Father: {fileID: 4511637051850240}
  m_RootOrder: 2
  m_LocalEulerAnglesHint: {x: 0, y: 0, z: 0}
--- !u!4 &4059311322195156
Transform:
  m_ObjectHideFlags: 1
  m_CorrespondingSourceObject: {fileID: 0}
  m_PrefabInternal: {fileID: 100100000}
  m_GameObject: {fileID: 1053880519480168}
  m_LocalRotation: {x: 0.023961492, y: 0.10980445, z: 0.30460843, w: 0.9458237}
  m_LocalPosition: {x: -0.13618088, y: -0.002471466, z: 0.014645681}
  m_LocalScale: {x: 1, y: 1, z: 1.0000001}
  m_Children:
  - {fileID: 4035086980382572}
  m_Father: {fileID: 4973192249445656}
  m_RootOrder: 3
  m_LocalEulerAnglesHint: {x: 0, y: 0, z: 0}
--- !u!4 &4064256139653580
Transform:
  m_ObjectHideFlags: 1
  m_CorrespondingSourceObject: {fileID: 0}
  m_PrefabInternal: {fileID: 100100000}
  m_GameObject: {fileID: 1556184112457134}
  m_LocalRotation: {x: 0.0023085147, y: 0.0009446565, z: 0.30070654, w: 0.9537135}
  m_LocalPosition: {x: -0.04827713, y: -0.000000019073486, z: 0.000000009536743}
  m_LocalScale: {x: 1, y: 1, z: 1}
  m_Children:
  - {fileID: 4500896461251520}
  m_Father: {fileID: 4387588279260110}
  m_RootOrder: 0
  m_LocalEulerAnglesHint: {x: 0, y: 0, z: 0}
--- !u!4 &4089370475241406
Transform:
  m_ObjectHideFlags: 1
  m_CorrespondingSourceObject: {fileID: 0}
  m_PrefabInternal: {fileID: 100100000}
  m_GameObject: {fileID: 1704595685079546}
  m_LocalRotation: {x: 0.47864905, y: 0.46490854, z: -0.07266725, w: 0.74126554}
  m_LocalPosition: {x: -0.037357178, y: 0.0005975342, z: 0.020652732}
  m_LocalScale: {x: 1, y: 1.0000001, z: 0.99999994}
  m_Children:
  - {fileID: 4411849054846498}
  m_Father: {fileID: 4024472153468676}
  m_RootOrder: 0
  m_LocalEulerAnglesHint: {x: 0, y: 0, z: 0}
--- !u!4 &4125952360505964
Transform:
  m_ObjectHideFlags: 1
  m_CorrespondingSourceObject: {fileID: 0}
  m_PrefabInternal: {fileID: 100100000}
  m_GameObject: {fileID: 1291647008947024}
  m_LocalRotation: {x: -0.018302688, y: -0.0393177, z: 0.14169033, w: 0.98896056}
  m_LocalPosition: {x: -0.13900109, y: 0.00008411407, z: -0.04269745}
  m_LocalScale: {x: 1.0000001, y: 1.0000001, z: 1.0000001}
  m_Children:
  - {fileID: 4129470439998188}
  m_Father: {fileID: 4973192249445656}
  m_RootOrder: 1
  m_LocalEulerAnglesHint: {x: 0, y: 0, z: 0}
--- !u!4 &4129470439998188
Transform:
  m_ObjectHideFlags: 1
  m_CorrespondingSourceObject: {fileID: 0}
  m_PrefabInternal: {fileID: 100100000}
  m_GameObject: {fileID: 1654172448687336}
  m_LocalRotation: {x: 0.0000000060060246, y: 0.00000004961784, z: 0.33649084, w: 0.94168675}
  m_LocalPosition: {x: -0.050007094, y: 0.000000038146972, z: 0}
  m_LocalScale: {x: 0.9999999, y: 0.99999994, z: 0.99999994}
  m_Children:
  - {fileID: 4453177526106228}
  m_Father: {fileID: 4125952360505964}
  m_RootOrder: 0
  m_LocalEulerAnglesHint: {x: 0, y: 0, z: 0}
--- !u!4 &4134027385829294
Transform:
  m_ObjectHideFlags: 1
  m_CorrespondingSourceObject: {fileID: 0}
  m_PrefabInternal: {fileID: 100100000}
  m_GameObject: {fileID: 1631660663405356}
  m_LocalRotation: {x: 0.0015166273, y: -0.00035584968, z: 0.22840245, w: 0.9735656}
  m_LocalPosition: {x: -0.45308074, y: 0.000000038146972, z: 0}
  m_LocalScale: {x: 1, y: 0.99999994, z: 0.99999994}
  m_Children:
  - {fileID: 4205595814297276}
  m_Father: {fileID: 4364007972579274}
  m_RootOrder: 0
  m_LocalEulerAnglesHint: {x: 0, y: 0, z: 0}
--- !u!4 &4175350106627318
Transform:
  m_ObjectHideFlags: 1
  m_CorrespondingSourceObject: {fileID: 0}
  m_PrefabInternal: {fileID: 100100000}
  m_GameObject: {fileID: 1836804767151938}
  m_LocalRotation: {x: 7.329453e-12, y: -2.0768319e-10, z: 0.9619128, w: 0.27335647}
  m_LocalPosition: {x: -0.116147764, y: -0.027944207, z: 0.000000005066395}
  m_LocalScale: {x: 1, y: 1.0000001, z: 1}
  m_Children:
  - {fileID: 4382241655341486}
  m_Father: {fileID: 4514661076758454}
  m_RootOrder: 0
  m_LocalEulerAnglesHint: {x: 0, y: 0, z: 0}
--- !u!4 &4182861716345782
Transform:
  m_ObjectHideFlags: 1
  m_CorrespondingSourceObject: {fileID: 0}
  m_PrefabInternal: {fileID: 100100000}
  m_GameObject: {fileID: 1937829790268602}
  m_LocalRotation: {x: 0.000000013891081, y: 0.000000026952575, z: 0.34568208, w: 0.9383517}
  m_LocalPosition: {x: -0.024737587, y: 0, z: 0.000000009536743}
  m_LocalScale: {x: 1, y: 1, z: 0.9999998}
  m_Children: []
  m_Father: {fileID: 4483777984749578}
  m_RootOrder: 0
  m_LocalEulerAnglesHint: {x: 0, y: 0, z: 0}
--- !u!4 &4196028441755294
Transform:
  m_ObjectHideFlags: 1
  m_CorrespondingSourceObject: {fileID: 0}
  m_PrefabInternal: {fileID: 100100000}
  m_GameObject: {fileID: 1615963775065928}
  m_LocalRotation: {x: 0.000000019413417, y: 0.0000000065515144, z: 0.31975615, w: 0.9474999}
  m_LocalPosition: {x: -0.039202195, y: 0, z: 0}
  m_LocalScale: {x: 0.99999994, y: 1, z: 1}
  m_Children: []
  m_Father: {fileID: 4772923031113094}
  m_RootOrder: 0
  m_LocalEulerAnglesHint: {x: 0, y: 0, z: 0}
--- !u!4 &4200739649539114
Transform:
  m_ObjectHideFlags: 1
  m_CorrespondingSourceObject: {fileID: 0}
  m_PrefabInternal: {fileID: 100100000}
  m_GameObject: {fileID: 1955043228525656}
  m_LocalRotation: {x: -0.0021907398, y: -0.0011880412, z: 0.23149912, w: 0.97283196}
  m_LocalPosition: {x: -0.4530808, y: 0.000000028610229, z: 0}
  m_LocalScale: {x: 1.0000004, y: 1.0000004, z: 1.0000001}
  m_Children:
  - {fileID: 4691782748578368}
  m_Father: {fileID: 4844921104696924}
  m_RootOrder: 0
  m_LocalEulerAnglesHint: {x: 0, y: 0, z: 0}
--- !u!4 &4205595814297276
Transform:
  m_ObjectHideFlags: 1
  m_CorrespondingSourceObject: {fileID: 0}
  m_PrefabInternal: {fileID: 100100000}
  m_GameObject: {fileID: 1137801809540416}
  m_LocalRotation: {x: 0.000000030559704, y: -0.0000000052097, z: -0.6744285, w: 0.73834014}
  m_LocalPosition: {x: -0.42995358, y: -0.000000019073486, z: 0}
  m_LocalScale: {x: 1, y: 1.0000002, z: 1.0000002}
  m_Children:
  - {fileID: 4547343059634848}
  m_Father: {fileID: 4134027385829294}
  m_RootOrder: 0
  m_LocalEulerAnglesHint: {x: 0, y: 0, z: 0}
--- !u!4 &4223738115187530
Transform:
  m_ObjectHideFlags: 1
  m_CorrespondingSourceObject: {fileID: 0}
  m_PrefabInternal: {fileID: 100100000}
  m_GameObject: {fileID: 1199869555634462}
  m_LocalRotation: {x: -0.0021984533, y: -0.0063196933, z: 0.36264098, w: 0.9319049}
  m_LocalPosition: {x: -0.031966247, y: 0, z: 0}
  m_LocalScale: {x: 1.0000001, y: 1, z: 0.99999994}
  m_Children: []
  m_Father: {fileID: 4000578268089826}
  m_RootOrder: 0
  m_LocalEulerAnglesHint: {x: 0, y: 0, z: 0}
--- !u!4 &4226250635193838
Transform:
  m_ObjectHideFlags: 1
  m_CorrespondingSourceObject: {fileID: 0}
  m_PrefabInternal: {fileID: 100100000}
  m_GameObject: {fileID: 1344810329435650}
  m_LocalRotation: {x: 0.051333133, y: 0.19711804, z: 0.38487494, w: 0.90021145}
  m_LocalPosition: {x: -0.12805457, y: -0.00034351347, z: 0.040402163}
  m_LocalScale: {x: 1.0000001, y: 1, z: 1.0000001}
  m_Children:
  - {fileID: 4264476807329270}
  m_Father: {fileID: 4973192249445656}
  m_RootOrder: 4
  m_LocalEulerAnglesHint: {x: 0, y: 0, z: 0}
--- !u!4 &4230147916326342
Transform:
  m_ObjectHideFlags: 1
  m_CorrespondingSourceObject: {fileID: 0}
  m_PrefabInternal: {fileID: 100100000}
  m_GameObject: {fileID: 1460262282777260}
  m_LocalRotation: {x: -0.24410112, y: -0.46458384, z: -0.23763794, w: 0.81737673}
  m_LocalPosition: {x: -0.17987315, y: -0.000000009536743, z: 0}
  m_LocalScale: {x: 1, y: 0.99999976, z: 0.9999999}
  m_Children:
  - {fileID: 4516181734650820}
  m_Father: {fileID: 4737242004816662}
  m_RootOrder: 0
  m_LocalEulerAnglesHint: {x: 0, y: 0, z: 0}
--- !u!4 &4264476807329270
Transform:
  m_ObjectHideFlags: 1
  m_CorrespondingSourceObject: {fileID: 0}
  m_PrefabInternal: {fileID: 100100000}
  m_GameObject: {fileID: 1431039083231366}
  m_LocalRotation: {x: 0.0000000049188777, y: 0.000000009318099, z: 0.29522672, w: 0.9554272}
  m_LocalPosition: {x: -0.04025139, y: 0.000000038146972, z: -0.000000019073486}
  m_LocalScale: {x: 0.9999999, y: 0.9999998, z: 0.9999999}
  m_Children:
  - {fileID: 4352792119723210}
  m_Father: {fileID: 4226250635193838}
  m_RootOrder: 0
  m_LocalEulerAnglesHint: {x: 0, y: 0, z: 0}
--- !u!4 &4268144071967024
Transform:
  m_ObjectHideFlags: 1
  m_CorrespondingSourceObject: {fileID: 0}
  m_PrefabInternal: {fileID: 100100000}
  m_GameObject: {fileID: 1950915681967426}
  m_LocalRotation: {x: -0.052320167, y: -0.19736741, z: 0.3874467, w: 0.898996}
  m_LocalPosition: {x: -0.1280545, y: -0.00034355163, z: -0.04040201}
  m_LocalScale: {x: 1.0000002, y: 1.0000001, z: 1}
  m_Children:
  - {fileID: 4483777984749578}
  m_Father: {fileID: 4024472153468676}
  m_RootOrder: 4
  m_LocalEulerAnglesHint: {x: 0, y: 0, z: 0}
--- !u!4 &4292300900405414
Transform:
  m_ObjectHideFlags: 1
  m_CorrespondingSourceObject: {fileID: 0}
  m_PrefabInternal: {fileID: 100100000}
  m_GameObject: {fileID: 1002883165459198}
  m_LocalRotation: {x: 0.0000000011777778, y: -0.0000000073569004, z: 0.15807867,
    w: 0.9874265}
  m_LocalPosition: {x: -0.039202116, y: 0, z: 0}
  m_LocalScale: {x: 1.0000001, y: 1.0000002, z: 1.0000001}
  m_Children: []
  m_Father: {fileID: 4527687933320252}
  m_RootOrder: 0
  m_LocalEulerAnglesHint: {x: 0, y: 0, z: 0}
--- !u!4 &4322274395375130
Transform:
  m_ObjectHideFlags: 1
  m_CorrespondingSourceObject: {fileID: 0}
  m_PrefabInternal: {fileID: 100100000}
  m_GameObject: {fileID: 1340284416801352}
  m_LocalRotation: {x: 0.0189227, y: 0.03955367, z: 0.14460471, w: 0.9885175}
  m_LocalPosition: {x: -0.13900109, y: 0.000084075924, z: 0.042697523}
  m_LocalScale: {x: 1.0000001, y: 1, z: 0.99999994}
  m_Children:
  - {fileID: 4527687933320252}
  m_Father: {fileID: 4024472153468676}
  m_RootOrder: 1
  m_LocalEulerAnglesHint: {x: 0, y: 0, z: 0}
--- !u!4 &4352792119723210
Transform:
  m_ObjectHideFlags: 1
  m_CorrespondingSourceObject: {fileID: 0}
  m_PrefabInternal: {fileID: 100100000}
  m_GameObject: {fileID: 1156232421318820}
  m_LocalRotation: {x: -6.386901e-10, y: 0.0000000017497205, z: 0.34289417, w: 0.9393741}
  m_LocalPosition: {x: -0.024737587, y: -0.000000038146972, z: 0}
  m_LocalScale: {x: 1.0000001, y: 1.0000001, z: 1.0000002}
  m_Children: []
  m_Father: {fileID: 4264476807329270}
  m_RootOrder: 0
  m_LocalEulerAnglesHint: {x: 0, y: 0, z: 0}
--- !u!4 &4364007972579274
Transform:
  m_ObjectHideFlags: 1
  m_CorrespondingSourceObject: {fileID: 0}
  m_PrefabInternal: {fileID: 100100000}
  m_GameObject: {fileID: 1778678208587452}
  m_LocalRotation: {x: -0.05811748, y: 0.9956016, z: 0.047393773, w: 0.056157254}
  m_LocalPosition: {x: -0.016391678, y: 0.044693623, z: 0.07012064}
  m_LocalScale: {x: 1.0000002, y: 1.0000004, z: 1}
  m_Children:
  - {fileID: 4134027385829294}
  m_Father: {fileID: 4873027457259320}
  m_RootOrder: 0
  m_LocalEulerAnglesHint: {x: 0, y: 0, z: 0}
--- !u!4 &4382241655341486
Transform:
  m_ObjectHideFlags: 1
  m_CorrespondingSourceObject: {fileID: 0}
  m_PrefabInternal: {fileID: 100100000}
  m_GameObject: {fileID: 1343229315745472}
  m_LocalRotation: {x: -2.8018868e-10, y: -1.7676074e-10, z: 0.12165651, w: 0.99257225}
  m_LocalPosition: {x: -0.1465692, y: 0, z: 0}
  m_LocalScale: {x: 1, y: 1, z: 1}
  m_Children:
  - {fileID: 4984581544561816}
  m_Father: {fileID: 4175350106627318}
  m_RootOrder: 0
  m_LocalEulerAnglesHint: {x: 0, y: 0, z: 0}
--- !u!4 &4387588279260110
Transform:
  m_ObjectHideFlags: 1
  m_CorrespondingSourceObject: {fileID: 0}
  m_PrefabInternal: {fileID: 100100000}
  m_GameObject: {fileID: 1601534976220872}
  m_LocalRotation: {x: -0.0053651948, y: 0.028134631, z: 0.2242831, w: 0.9741031}
  m_LocalPosition: {x: -0.13903266, y: 0.00007995605, z: -0.012004623}
  m_LocalScale: {x: 1, y: 1.0000001, z: 1.0000001}
  m_Children:
  - {fileID: 4064256139653580}
  m_Father: {fileID: 4973192249445656}
  m_RootOrder: 2
  m_LocalEulerAnglesHint: {x: 0, y: 0, z: 0}
--- !u!4 &4411849054846498
Transform:
  m_ObjectHideFlags: 1
  m_CorrespondingSourceObject: {fileID: 0}
  m_PrefabInternal: {fileID: 100100000}
  m_GameObject: {fileID: 1299124576566992}
  m_LocalRotation: {x: -0.011272206, y: 0.017309442, z: 0.20824039, w: 0.97785956}
  m_LocalPosition: {x: -0.059408795, y: 0, z: 0.000000019073486}
  m_LocalScale: {x: 1.0000001, y: 1.0000002, z: 1}
  m_Children:
  - {fileID: 4487154614979062}
  m_Father: {fileID: 4089370475241406}
  m_RootOrder: 0
  m_LocalEulerAnglesHint: {x: 0, y: 0, z: 0}
--- !u!4 &4445889057519662
Transform:
  m_ObjectHideFlags: 1
  m_CorrespondingSourceObject: {fileID: 0}
  m_PrefabInternal: {fileID: 100100000}
  m_GameObject: {fileID: 1694744256776402}
  m_LocalRotation: {x: -0.0048219874, y: -0.00020029374, z: -0.15034962, w: 0.9886211}
  m_LocalPosition: {x: -0.04351303, y: -0.0033292102, z: -0.0000000080466265}
  m_LocalScale: {x: 1.0000002, y: 1.0000002, z: 1.0000001}
  m_Children:
  - {fileID: 4574616287584282}
  m_Father: {fileID: 4873027457259320}
  m_RootOrder: 2
  m_LocalEulerAnglesHint: {x: 0, y: 0, z: 0}
--- !u!4 &4453177526106228
Transform:
  m_ObjectHideFlags: 1
  m_CorrespondingSourceObject: {fileID: 0}
  m_PrefabInternal: {fileID: 100100000}
  m_GameObject: {fileID: 1069410502304036}
  m_LocalRotation: {x: 0.000000041425547, y: -0.000000023661833, z: 0.15514588, w: 0.9878916}
  m_LocalPosition: {x: -0.039202195, y: -0.000000019073486, z: 0.000000019073486}
  m_LocalScale: {x: 0.9999999, y: 0.99999976, z: 0.9999999}
  m_Children: []
  m_Father: {fileID: 4129470439998188}
  m_RootOrder: 0
  m_LocalEulerAnglesHint: {x: 0, y: 0, z: 0}
--- !u!4 &4457447368863102
Transform:
  m_ObjectHideFlags: 1
  m_CorrespondingSourceObject: {fileID: 0}
  m_PrefabInternal: {fileID: 100100000}
  m_GameObject: {fileID: 1361939067377822}
  m_LocalRotation: {x: -0.024435602, y: -0.109855816, z: 0.30739722, w: 0.94490296}
  m_LocalPosition: {x: -0.13618103, y: -0.0024715043, z: -0.014645862}
  m_LocalScale: {x: 1.0000001, y: 1.0000001, z: 0.99999994}
  m_Children:
  - {fileID: 4963425405215374}
  m_Father: {fileID: 4024472153468676}
  m_RootOrder: 3
  m_LocalEulerAnglesHint: {x: 0, y: 0, z: 0}
--- !u!4 &4462999859315636
Transform:
  m_ObjectHideFlags: 1
  m_CorrespondingSourceObject: {fileID: 0}
  m_PrefabInternal: {fileID: 100100000}
  m_GameObject: {fileID: 1869770835021638}
  m_LocalRotation: {x: -0.44199374, y: -0.49930772, z: -0.12836081, w: 0.7340687}
  m_LocalPosition: {x: -0.037357252, y: 0.000597496, z: -0.020652542}
  m_LocalScale: {x: 1.0000001, y: 1, z: 1}
  m_Children:
  - {fileID: 4772923031113094}
  m_Father: {fileID: 4973192249445656}
  m_RootOrder: 0
  m_LocalEulerAnglesHint: {x: 0, y: 0, z: 0}
--- !u!4 &4483777984749578
Transform:
  m_ObjectHideFlags: 1
  m_CorrespondingSourceObject: {fileID: 0}
  m_PrefabInternal: {fileID: 100100000}
  m_GameObject: {fileID: 1547494647490360}
  m_LocalRotation: {x: 0.00000009633436, y: -0.000000014799899, z: 0.29806235, w: 0.95454645}
  m_LocalPosition: {x: -0.04025131, y: 0.000000038146972, z: 0}
  m_LocalScale: {x: 1.0000001, y: 1, z: 1.0000002}
  m_Children:
  - {fileID: 4182861716345782}
  m_Father: {fileID: 4268144071967024}
  m_RootOrder: 0
  m_LocalEulerAnglesHint: {x: 0, y: 0, z: 0}
--- !u!4 &4484824968793380
Transform:
  m_ObjectHideFlags: 1
  m_CorrespondingSourceObject: {fileID: 0}
  m_PrefabInternal: {fileID: 100100000}
  m_GameObject: {fileID: 1993541796140234}
  m_LocalRotation: {x: -0.000000020942128, y: 0.000000025888893, z: -0.21775568, w: 0.97600335}
  m_LocalPosition: {x: -0.2198584, y: 0.009816236, z: -0.0000016403197}
  m_LocalScale: {x: 0.9999999, y: 0.9999998, z: 0.9999998}
  m_Children: []
  m_Father: {fileID: 4691782748578368}
  m_RootOrder: 0
  m_LocalEulerAnglesHint: {x: 0, y: 0, z: 0}
--- !u!4 &4487154614979062
Transform:
  m_ObjectHideFlags: 1
  m_CorrespondingSourceObject: {fileID: 0}
  m_PrefabInternal: {fileID: 100100000}
  m_GameObject: {fileID: 1673858614918574}
  m_LocalRotation: {x: -0.000000014419928, y: 0.000000042313914, z: 0.32256833, w: 0.9465462}
  m_LocalPosition: {x: -0.039202154, y: 0.000000076293944, z: 0.000000019073486}
  m_LocalScale: {x: 0.99999994, y: 1.0000001, z: 1}
  m_Children: []
  m_Father: {fileID: 4411849054846498}
  m_RootOrder: 0
  m_LocalEulerAnglesHint: {x: 0, y: 0, z: 0}
--- !u!4 &4500896461251520
Transform:
  m_ObjectHideFlags: 1
  m_CorrespondingSourceObject: {fileID: 0}
  m_PrefabInternal: {fileID: 100100000}
  m_GameObject: {fileID: 1738891292357060}
  m_LocalRotation: {x: 0.0021797093, y: 0.0063262023, z: 0.35987204, w: 0.9329777}
  m_LocalPosition: {x: -0.031966172, y: -0.000000038146972, z: -0.000000009536743}
  m_LocalScale: {x: 0.99999994, y: 0.9999999, z: 0.99999994}
  m_Children: []
  m_Father: {fileID: 4064256139653580}
  m_RootOrder: 0
  m_LocalEulerAnglesHint: {x: 0, y: 0, z: 0}
--- !u!4 &4510755226421840
Transform:
  m_ObjectHideFlags: 1
  m_CorrespondingSourceObject: {fileID: 0}
  m_PrefabInternal: {fileID: 100100000}
  m_GameObject: {fileID: 1128818787441954}
  m_LocalRotation: {x: 0.0054408256, y: -0.028039753, z: 0.22717966, w: 0.9734339}
  m_LocalPosition: {x: -0.13903244, y: 0.000079841615, z: 0.0120047}
  m_LocalScale: {x: 1.0000001, y: 1, z: 0.99999994}
  m_Children:
  - {fileID: 4000578268089826}
  m_Father: {fileID: 4024472153468676}
  m_RootOrder: 2
  m_LocalEulerAnglesHint: {x: 0, y: 0, z: 0}
--- !u!4 &4511637051850240
Transform:
  m_ObjectHideFlags: 1
  m_CorrespondingSourceObject: {fileID: 0}
  m_PrefabInternal: {fileID: 100100000}
  m_GameObject: {fileID: 1003988849942778}
  m_LocalRotation: {x: 0, y: 0, z: 0, w: 1}
  m_LocalPosition: {x: 0, y: 0, z: 0}
  m_LocalScale: {x: 1, y: 1, z: 1}
  m_Children:
  - {fileID: 4873027457259320}
  - {fileID: 4983362562773086}
  - {fileID: 4048360302136226}
  m_Father: {fileID: 0}
  m_RootOrder: 0
  m_LocalEulerAnglesHint: {x: 0, y: 0, z: 0}
--- !u!4 &4514661076758454
Transform:
  m_ObjectHideFlags: 1
  m_CorrespondingSourceObject: {fileID: 0}
  m_PrefabInternal: {fileID: 100100000}
  m_GameObject: {fileID: 1982625337732434}
  m_LocalRotation: {x: 0.02153253, y: -0.0025520488, z: 0.110727124, w: 0.9936143}
  m_LocalPosition: {x: -0.10720154, y: 0, z: 0}
  m_LocalScale: {x: 1.0000004, y: 1.0000001, z: 1.0000004}
  m_Children:
  - {fileID: 4175350106627318}
  - {fileID: 4654916389575332}
  - {fileID: 4911352407752272}
  m_Father: {fileID: 4672854962155042}
  m_RootOrder: 0
  m_LocalEulerAnglesHint: {x: 0, y: 0, z: 0}
--- !u!4 &4516181734650820
Transform:
  m_ObjectHideFlags: 1
  m_CorrespondingSourceObject: {fileID: 0}
  m_PrefabInternal: {fileID: 100100000}
  m_GameObject: {fileID: 1763450679283466}
  m_LocalRotation: {x: -0.08072339, y: -0.024400853, z: -0.1452205, w: 0.98579884}
  m_LocalPosition: {x: -0.25916457, y: 0.000000009536743, z: 0}
  m_LocalScale: {x: 0.9999998, y: 1.0000001, z: 1}
  m_Children:
  - {fileID: 4973192249445656}
  m_Father: {fileID: 4230147916326342}
  m_RootOrder: 0
  m_LocalEulerAnglesHint: {x: 0, y: 0, z: 0}
--- !u!4 &4517413008546518
Transform:
  m_ObjectHideFlags: 1
  m_CorrespondingSourceObject: {fileID: 0}
  m_PrefabInternal: {fileID: 100100000}
  m_GameObject: {fileID: 1756679253772150}
  m_LocalRotation: {x: -0.000000005755223, y: 0.0000000072785036, z: 0.25314027, w: 0.9674296}
  m_LocalPosition: {x: -0.030682335, y: 0, z: 0.0000000023841857}
  m_LocalScale: {x: 1, y: 0.99999994, z: 0.9999999}
  m_Children: []
  m_Father: {fileID: 4035086980382572}
  m_RootOrder: 0
  m_LocalEulerAnglesHint: {x: 0, y: 0, z: 0}
--- !u!4 &4527687933320252
Transform:
  m_ObjectHideFlags: 1
  m_CorrespondingSourceObject: {fileID: 0}
  m_PrefabInternal: {fileID: 100100000}
  m_GameObject: {fileID: 1239670365019430}
  m_LocalRotation: {x: 0.000000111335275, y: -0.00000002320673, z: 0.33928558, w: 0.9406834}
  m_LocalPosition: {x: -0.050007172, y: 0, z: 0}
  m_LocalScale: {x: 1, y: 1.0000001, z: 1.0000002}
  m_Children:
  - {fileID: 4292300900405414}
  m_Father: {fileID: 4322274395375130}
  m_RootOrder: 0
  m_LocalEulerAnglesHint: {x: 0, y: 0, z: 0}
--- !u!4 &4547343059634848
Transform:
  m_ObjectHideFlags: 1
  m_CorrespondingSourceObject: {fileID: 0}
  m_PrefabInternal: {fileID: 100100000}
  m_GameObject: {fileID: 1260021215600372}
  m_LocalRotation: {x: -0.080789216, y: 0.08346897, z: -0.21172243, w: 0.9704018}
  m_LocalPosition: {x: -0.2198584, y: 0.009816236, z: 0.0000016021728}
  m_LocalScale: {x: 1.0000002, y: 1.0000002, z: 1.0000001}
  m_Children: []
  m_Father: {fileID: 4205595814297276}
  m_RootOrder: 0
  m_LocalEulerAnglesHint: {x: 0, y: 0, z: 0}
--- !u!4 &4574616287584282
Transform:
  m_ObjectHideFlags: 1
  m_CorrespondingSourceObject: {fileID: 0}
  m_PrefabInternal: {fileID: 100100000}
  m_GameObject: {fileID: 1365689874366610}
  m_LocalRotation: {x: -0.024105104, y: -0.0029365881, z: 0.1372815, w: 0.9902344}
  m_LocalPosition: {x: -0.18115357, y: 0, z: 0}
  m_LocalScale: {x: 1.0000001, y: 1.0000005, z: 0.9999994}
  m_Children:
  - {fileID: 4897189571067422}
  m_Father: {fileID: 4445889057519662}
  m_RootOrder: 0
  m_LocalEulerAnglesHint: {x: 0, y: 0, z: 0}
--- !u!4 &4588872372369626
Transform:
  m_ObjectHideFlags: 1
  m_CorrespondingSourceObject: {fileID: 0}
  m_PrefabInternal: {fileID: 100100000}
  m_GameObject: {fileID: 1426731659121502}
  m_LocalRotation: {x: -0.0039456147, y: 0.0014888656, z: -0.104362704, w: 0.9945304}
  m_LocalPosition: {x: -0.1658348, y: 0.0000000047683715, z: 5.9604643e-10}
  m_LocalScale: {x: 0.9999995, y: 0.9999997, z: 1}
  m_Children:
  - {fileID: 4666198535199586}
  - {fileID: 4672854962155042}
  - {fileID: 4737242004816662}
  m_Father: {fileID: 4897189571067422}
  m_RootOrder: 0
  m_LocalEulerAnglesHint: {x: 0, y: 0, z: 0}
--- !u!4 &4644217895864560
Transform:
  m_ObjectHideFlags: 1
  m_CorrespondingSourceObject: {fileID: 0}
  m_PrefabInternal: {fileID: 100100000}
  m_GameObject: {fileID: 1158961026920180}
  m_LocalRotation: {x: 0.1963902, y: 0.46456072, z: -0.20633237, w: 0.8384755}
  m_LocalPosition: {x: -0.1798732, y: 0, z: 0}
  m_LocalScale: {x: 0.99999994, y: 0.9999998, z: 1.0000001}
  m_Children:
  - {fileID: 4868667335487242}
  m_Father: {fileID: 4666198535199586}
  m_RootOrder: 0
  m_LocalEulerAnglesHint: {x: 0, y: 0, z: 0}
--- !u!4 &4654916389575332
Transform:
  m_ObjectHideFlags: 1
  m_CorrespondingSourceObject: {fileID: 0}
  m_PrefabInternal: {fileID: 100100000}
  m_GameObject: {fileID: 1063467991417770}
  m_LocalRotation: {x: -0.6736263, y: 0.73907214, z: -0.00000080573534, w: 0.00000041956895}
  m_LocalPosition: {x: -0.0974884, y: 0.028021373, z: 0.00000065952537}
  m_LocalScale: {x: 1.0000012, y: 1.0000006, z: 0.9999998}
  m_Children: []
  m_Father: {fileID: 4514661076758454}
  m_RootOrder: 1
  m_LocalEulerAnglesHint: {x: 0, y: 0, z: 0}
--- !u!4 &4666198535199586
Transform:
  m_ObjectHideFlags: 1
  m_CorrespondingSourceObject: {fileID: 0}
  m_PrefabInternal: {fileID: 100100000}
  m_GameObject: {fileID: 1268373064415404}
  m_LocalRotation: {x: 0.14246073, y: 0.7347681, z: 0.29040933, w: 0.5962241}
  m_LocalPosition: {x: 0.016525421, y: 0.09663553, z: 0.028669553}
  m_LocalScale: {x: 1.0000004, y: 1.0000004, z: 1.0000008}
  m_Children:
  - {fileID: 4644217895864560}
  m_Father: {fileID: 4588872372369626}
  m_RootOrder: 0
  m_LocalEulerAnglesHint: {x: 0, y: 0, z: 0}
--- !u!4 &4672854962155042
Transform:
  m_ObjectHideFlags: 1
  m_CorrespondingSourceObject: {fileID: 0}
  m_PrefabInternal: {fileID: 100100000}
  m_GameObject: {fileID: 1337608647325650}
  m_LocalRotation: {x: 0.021769343, y: 0.0030320396, z: -0.0375549, w: 0.9990528}
  m_LocalPosition: {x: -0.036912687, y: -0.012299518, z: -0.0000000047683715}
  m_LocalScale: {x: 1.0000004, y: 1, z: 1.0000004}
  m_Children:
  - {fileID: 4514661076758454}
  m_Father: {fileID: 4588872372369626}
  m_RootOrder: 1
  m_LocalEulerAnglesHint: {x: 0, y: 0, z: 0}
--- !u!4 &4691782748578368
Transform:
  m_ObjectHideFlags: 1
  m_CorrespondingSourceObject: {fileID: 0}
  m_PrefabInternal: {fileID: 100100000}
  m_GameObject: {fileID: 1857474547215038}
  m_LocalRotation: {x: 0.15164095, y: -0.012541351, z: -0.6643395, w: 0.7317792}
  m_LocalPosition: {x: -0.429955, y: 0, z: 0}
  m_LocalScale: {x: 0.9999999, y: 0.9999999, z: 0.9999999}
  m_Children:
  - {fileID: 4484824968793380}
  m_Father: {fileID: 4200739649539114}
  m_RootOrder: 0
  m_LocalEulerAnglesHint: {x: 0, y: 0, z: 0}
--- !u!4 &4737242004816662
Transform:
  m_ObjectHideFlags: 1
  m_CorrespondingSourceObject: {fileID: 0}
  m_PrefabInternal: {fileID: 100100000}
  m_GameObject: {fileID: 1403888004654774}
  m_LocalRotation: {x: -0.14314598, y: -0.7345746, z: 0.29028988, w: 0.5963566}
  m_LocalPosition: {x: 0.016525574, y: 0.09663555, z: -0.028669545}
  m_LocalScale: {x: 1.0000006, y: 1.0000004, z: 1.0000006}
  m_Children:
  - {fileID: 4230147916326342}
  m_Father: {fileID: 4588872372369626}
  m_RootOrder: 2
  m_LocalEulerAnglesHint: {x: 0, y: 0, z: 0}
--- !u!4 &4772923031113094
Transform:
  m_ObjectHideFlags: 1
  m_CorrespondingSourceObject: {fileID: 0}
  m_PrefabInternal: {fileID: 100100000}
  m_GameObject: {fileID: 1290165641381010}
  m_LocalRotation: {x: 0.011323607, y: -0.017275935, z: 0.20533597, w: 0.97847354}
  m_LocalPosition: {x: -0.059408758, y: 0, z: 0}
  m_LocalScale: {x: 1, y: 0.99999994, z: 0.9999999}
  m_Children:
  - {fileID: 4196028441755294}
  m_Father: {fileID: 4462999859315636}
  m_RootOrder: 0
  m_LocalEulerAnglesHint: {x: 0, y: 0, z: 0}
--- !u!4 &4844921104696924
Transform:
  m_ObjectHideFlags: 1
  m_CorrespondingSourceObject: {fileID: 0}
  m_PrefabInternal: {fileID: 100100000}
  m_GameObject: {fileID: 1288845689825712}
  m_LocalRotation: {x: -0.057898875, y: 0.993639, z: -0.07930958, w: -0.055129647}
  m_LocalPosition: {x: -0.016391601, y: 0.04469363, z: -0.07012064}
  m_LocalScale: {x: 1.0000004, y: 1.0000004, z: 0.99999994}
  m_Children:
  - {fileID: 4200739649539114}
  m_Father: {fileID: 4873027457259320}
  m_RootOrder: 1
  m_LocalEulerAnglesHint: {x: 0, y: 0, z: 0}
--- !u!4 &4868667335487242
Transform:
  m_ObjectHideFlags: 1
  m_CorrespondingSourceObject: {fileID: 0}
  m_PrefabInternal: {fileID: 100100000}
  m_GameObject: {fileID: 1946994047727550}
  m_LocalRotation: {x: 0.07864258, y: 0.030446552, z: -0.21949174, w: 0.9719628}
  m_LocalPosition: {x: -0.25916442, y: 0, z: -0.000000076293944}
  m_LocalScale: {x: 1.0000001, y: 1.0000001, z: 1.0000001}
  m_Children:
  - {fileID: 4024472153468676}
  m_Father: {fileID: 4644217895864560}
  m_RootOrder: 0
  m_LocalEulerAnglesHint: {x: 0, y: 0, z: 0}
--- !u!4 &4873027457259320
Transform:
  m_ObjectHideFlags: 1
  m_CorrespondingSourceObject: {fileID: 0}
  m_PrefabInternal: {fileID: 100100000}
  m_GameObject: {fileID: 1423054205376472}
  m_LocalRotation: {x: -0.50660855, y: 0.5083795, z: 0.49153128, w: -0.49324962}
  m_LocalPosition: {x: 0.000000034744314, y: 0.929444, z: -0.05599629}
  m_LocalScale: {x: 0.9999996, y: 0.99999964, z: 1}
  m_Children:
  - {fileID: 4364007972579274}
  - {fileID: 4844921104696924}
  - {fileID: 4445889057519662}
  m_Father: {fileID: 4511637051850240}
  m_RootOrder: 0
  m_LocalEulerAnglesHint: {x: 0, y: 0, z: 0}
--- !u!4 &4897189571067422
Transform:
  m_ObjectHideFlags: 1
  m_CorrespondingSourceObject: {fileID: 0}
  m_PrefabInternal: {fileID: 100100000}
  m_GameObject: {fileID: 1527245967533994}
  m_LocalRotation: {x: -0.022221709, y: 0.0032503502, z: 0.0426685, w: 0.9988369}
  m_LocalPosition: {x: -0.15431876, y: 0, z: -1.4901161e-10}
  m_LocalScale: {x: 0.9999999, y: 1.0000002, z: 1}
  m_Children:
  - {fileID: 4588872372369626}
  m_Father: {fileID: 4574616287584282}
  m_RootOrder: 0
  m_LocalEulerAnglesHint: {x: 0, y: 0, z: 0}
--- !u!4 &4911352407752272
Transform:
  m_ObjectHideFlags: 1
  m_CorrespondingSourceObject: {fileID: 0}
  m_PrefabInternal: {fileID: 100100000}
  m_GameObject: {fileID: 1002342294071802}
  m_LocalRotation: {x: -0.5308849, y: 0.847444, z: -0.00000073793393, w: 0.0000002516059}
  m_LocalPosition: {x: -0.010716857, y: 0.04971554, z: 0.0000011071562}
  m_LocalScale: {x: 0.99999964, y: 1.0000002, z: 0.99999994}
  m_Children: []
  m_Father: {fileID: 4514661076758454}
  m_RootOrder: 2
  m_LocalEulerAnglesHint: {x: 0, y: 0, z: 0}
--- !u!4 &4942637880608988
Transform:
  m_ObjectHideFlags: 1
  m_CorrespondingSourceObject: {fileID: 0}
  m_PrefabInternal: {fileID: 100100000}
  m_GameObject: {fileID: 1721034532574846}
  m_LocalRotation: {x: 0.000000059048805, y: 0.000000009857774, z: 0.2560117, w: 0.9666737}
  m_LocalPosition: {x: -0.030682372, y: -0.000000038146972, z: 0.000000019073486}
  m_LocalScale: {x: 1.0000002, y: 1.0000002, z: 1.0000001}
  m_Children: []
  m_Father: {fileID: 4963425405215374}
  m_RootOrder: 0
  m_LocalEulerAnglesHint: {x: 0, y: 0, z: 0}
--- !u!4 &4963425405215374
Transform:
  m_ObjectHideFlags: 1
  m_CorrespondingSourceObject: {fileID: 0}
  m_PrefabInternal: {fileID: 100100000}
  m_GameObject: {fileID: 1735884322569256}
  m_LocalRotation: {x: 3.0956077e-10, y: -0.000000018342316, z: 0.42150068, w: 0.9068281}
  m_LocalPosition: {x: -0.04621361, y: 0, z: -0.000000009536743}
  m_LocalScale: {x: 0.9999999, y: 1, z: 1}
  m_Children:
  - {fileID: 4942637880608988}
  m_Father: {fileID: 4457447368863102}
  m_RootOrder: 0
  m_LocalEulerAnglesHint: {x: 0, y: 0, z: 0}
--- !u!4 &4973192249445656
Transform:
  m_ObjectHideFlags: 1
  m_CorrespondingSourceObject: {fileID: 0}
  m_PrefabInternal: {fileID: 100100000}
  m_GameObject: {fileID: 1708061693065276}
  m_LocalRotation: {x: 0.75342435, y: -0.027770866, z: 0.019489737, w: 0.65665877}
  m_LocalPosition: {x: -0.23780334, y: 0.000000019073486, z: 0}
  m_LocalScale: {x: 1.0000002, y: 1.0000001, z: 1}
  m_Children:
  - {fileID: 4462999859315636}
  - {fileID: 4125952360505964}
  - {fileID: 4387588279260110}
  - {fileID: 4059311322195156}
  - {fileID: 4226250635193838}
  m_Father: {fileID: 4516181734650820}
  m_RootOrder: 0
  m_LocalEulerAnglesHint: {x: 0, y: 0, z: 0}
--- !u!4 &4983362562773086
Transform:
  m_ObjectHideFlags: 1
  m_CorrespondingSourceObject: {fileID: 0}
  m_PrefabInternal: {fileID: 100100000}
  m_GameObject: {fileID: 1290387842011158}
  m_LocalRotation: {x: -0.7071068, y: 0, z: -0, w: 0.7071068}
  m_LocalPosition: {x: 0.00011413574, y: 0, z: 0}
  m_LocalScale: {x: 1, y: 0.9999998, z: 0.9999998}
  m_Children: []
  m_Father: {fileID: 4511637051850240}
  m_RootOrder: 1
  m_LocalEulerAnglesHint: {x: 0, y: 0, z: 0}
--- !u!4 &4984581544561816
Transform:
  m_ObjectHideFlags: 1
  m_CorrespondingSourceObject: {fileID: 0}
  m_PrefabInternal: {fileID: 100100000}
  m_GameObject: {fileID: 1447440066719992}
  m_LocalRotation: {x: -3.3662773e-10, y: -6.905316e-11, z: 0.1887579, w: 0.98202366}
  m_LocalPosition: {x: -0.1652095, y: 0, z: 2.9802322e-10}
  m_LocalScale: {x: 1, y: 0.99999994, z: 0.99999994}
  m_Children: []
  m_Father: {fileID: 4382241655341486}
  m_RootOrder: 0
  m_LocalEulerAnglesHint: {x: 0, y: 0, z: 0}
--- !u!95 &95001778773129106
Animator:
  serializedVersion: 3
  m_ObjectHideFlags: 1
  m_CorrespondingSourceObject: {fileID: 0}
  m_PrefabInternal: {fileID: 100100000}
  m_GameObject: {fileID: 1003988849942778}
  m_Enabled: 1
  m_Avatar: {fileID: 9000000, guid: 1162192dcbcf3544eaef26cc8bf440d4, type: 3}
  m_Controller: {fileID: 9100000, guid: c3743bb87925edc4e9ed4a10fe140349, type: 2}
  m_CullingMode: 0
  m_UpdateMode: 0
  m_ApplyRootMotion: 0
  m_LinearVelocityBlending: 0
  m_WarningMessage: 
  m_HasTransformHierarchy: 1
  m_AllowConstantClipSamplingOptimization: 1
  m_KeepAnimatorControllerStateOnDisable: 0
--- !u!114 &114638741417792766
MonoBehaviour:
  m_ObjectHideFlags: 1
  m_CorrespondingSourceObject: {fileID: 0}
  m_PrefabInternal: {fileID: 100100000}
  m_GameObject: {fileID: 1003988849942778}
  m_Enabled: 1
  m_EditorHideFlags: 0
  m_Script: {fileID: 11500000, guid: 8498e0aa31c39d54f8d62e7a79cf5636, type: 3}
  m_Name: 
  m_EditorClassIdentifier: 
  _pivots:
  - bone: {fileID: 0}
    type: 0
  - bone: {fileID: 0}
    type: 1
  - bone: {fileID: 0}
    type: 2
  - bone: {fileID: 0}
    type: 3
  - bone: {fileID: 0}
    type: 4
  - bone: {fileID: 0}
    type: 5
  _samplePivPoints: {fileID: 0}
--- !u!137 &137025062067633398
SkinnedMeshRenderer:
  m_ObjectHideFlags: 1
  m_CorrespondingSourceObject: {fileID: 0}
  m_PrefabInternal: {fileID: 100100000}
  m_GameObject: {fileID: 1124847549749604}
  m_Enabled: 1
  m_CastShadows: 1
  m_ReceiveShadows: 1
  m_DynamicOccludee: 1
  m_MotionVectors: 1
  m_LightProbeUsage: 1
  m_ReflectionProbeUsage: 1
  m_RenderingLayerMask: 4294967295
  m_Materials:
  - {fileID: 2100000, guid: de799993977c12d4396946e7bd632d74, type: 2}
  m_StaticBatchInfo:
    firstSubMesh: 0
    subMeshCount: 0
  m_StaticBatchRoot: {fileID: 0}
  m_ProbeAnchor: {fileID: 0}
  m_LightProbeVolumeOverride: {fileID: 0}
  m_ScaleInLightmap: 1
  m_PreserveUVs: 0
  m_IgnoreNormalsForChartDetection: 0
  m_ImportantGI: 0
  m_StitchLightmapSeams: 0
  m_SelectedEditorRenderState: 3
  m_MinimumChartSize: 4
  m_AutoUVMaxDistance: 0.5
  m_AutoUVMaxAngle: 89
  m_LightmapParameters: {fileID: 0}
  m_SortingLayerID: 0
  m_SortingLayer: 0
  m_SortingOrder: 0
  serializedVersion: 2
  m_Quality: 0
  m_UpdateWhenOffscreen: 0
  m_SkinnedMotionVectors: 1
  m_Mesh: {fileID: 4300038, guid: 1162192dcbcf3544eaef26cc8bf440d4, type: 3}
  m_Bones:
  - {fileID: 4514661076758454}
  - {fileID: 4672854962155042}
  m_BlendShapeWeights: []
  m_RootBone: {fileID: 0}
  m_AABB:
    m_Center: {x: 0.028919034, y: -0.67147744, z: 1.0996176}
    m_Extent: {x: 0.25393024, y: 1.1777987, z: 1.071833}
  m_DirtyAABB: 0
--- !u!137 &137148193692561248
SkinnedMeshRenderer:
  m_ObjectHideFlags: 1
  m_CorrespondingSourceObject: {fileID: 0}
  m_PrefabInternal: {fileID: 100100000}
  m_GameObject: {fileID: 1290387842011158}
  m_Enabled: 1
  m_CastShadows: 1
  m_ReceiveShadows: 1
  m_DynamicOccludee: 1
  m_MotionVectors: 1
  m_LightProbeUsage: 1
  m_ReflectionProbeUsage: 1
  m_RenderingLayerMask: 4294967295
  m_Materials:
  - {fileID: 2100000, guid: de799993977c12d4396946e7bd632d74, type: 2}
  m_StaticBatchInfo:
    firstSubMesh: 0
    subMeshCount: 0
  m_StaticBatchRoot: {fileID: 0}
  m_ProbeAnchor: {fileID: 0}
  m_LightProbeVolumeOverride: {fileID: 0}
  m_ScaleInLightmap: 1
  m_PreserveUVs: 0
  m_IgnoreNormalsForChartDetection: 0
  m_ImportantGI: 0
  m_StitchLightmapSeams: 0
  m_SelectedEditorRenderState: 3
  m_MinimumChartSize: 4
  m_AutoUVMaxDistance: 0.5
  m_AutoUVMaxAngle: 89
  m_LightmapParameters: {fileID: 0}
  m_SortingLayerID: 0
  m_SortingLayer: 0
  m_SortingOrder: 0
  serializedVersion: 2
  m_Quality: 0
  m_UpdateWhenOffscreen: 0
  m_SkinnedMotionVectors: 1
  m_Mesh: {fileID: 4300044, guid: 1162192dcbcf3544eaef26cc8bf440d4, type: 3}
  m_Bones:
  - {fileID: 4873027457259320}
  - {fileID: 4364007972579274}
  - {fileID: 4844921104696924}
  - {fileID: 4445889057519662}
  - {fileID: 4644217895864560}
  - {fileID: 4588872372369626}
  - {fileID: 4574616287584282}
  - {fileID: 4134027385829294}
  - {fileID: 4897189571067422}
  - {fileID: 4666198535199586}
  - {fileID: 4868667335487242}
  - {fileID: 4737242004816662}
  - {fileID: 4672854962155042}
  - {fileID: 4514661076758454}
  - {fileID: 4911352407752272}
  - {fileID: 4487154614979062}
  - {fileID: 4089370475241406}
  - {fileID: 4024472153468676}
  - {fileID: 4411849054846498}
  - {fileID: 4547343059634848}
  - {fileID: 4292300900405414}
  - {fileID: 4322274395375130}
  - {fileID: 4510755226421840}
  - {fileID: 4457447368863102}
  - {fileID: 4527687933320252}
  - {fileID: 4000578268089826}
  - {fileID: 4223738115187530}
  - {fileID: 4268144071967024}
  - {fileID: 4942637880608988}
  - {fileID: 4963425405215374}
  - {fileID: 4182861716345782}
  - {fileID: 4483777984749578}
  - {fileID: 4205595814297276}
  - {fileID: 4200739649539114}
  - {fileID: 4691782748578368}
  - {fileID: 4230147916326342}
  - {fileID: 4516181734650820}
  - {fileID: 4484824968793380}
  - {fileID: 4973192249445656}
  - {fileID: 4462999859315636}
  - {fileID: 4196028441755294}
  - {fileID: 4772923031113094}
  - {fileID: 4059311322195156}
  - {fileID: 4226250635193838}
  - {fileID: 4387588279260110}
  - {fileID: 4453177526106228}
  - {fileID: 4125952360505964}
  - {fileID: 4129470439998188}
  - {fileID: 4064256139653580}
  - {fileID: 4500896461251520}
  - {fileID: 4035086980382572}
  - {fileID: 4517413008546518}
  - {fileID: 4352792119723210}
  - {fileID: 4264476807329270}
  - {fileID: 4654916389575332}
  m_BlendShapeWeights: []
  m_RootBone: {fileID: 0}
  m_AABB:
    m_Center: {x: -0.004248917, y: -0.65435576, z: 0.9717707}
    m_Extent: {x: 0.8960367, y: 1.2440649, z: 1.2177818}
  m_DirtyAABB: 0
