%YAML 1.1
%TAG !u! tag:unity3d.com,2011:
--- !u!1001 &100100000
Prefab:
  m_ObjectHideFlags: 1
  serializedVersion: 2
  m_Modification:
    m_TransformParent: {fileID: 0}
    m_Modifications: []
    m_RemovedComponents: []
  m_SourcePrefab: {fileID: 0}
  m_RootGameObject: {fileID: 1115566312735248}
  m_IsPrefabAsset: 1
--- !u!1 &1017158767087870
GameObject:
  m_ObjectHideFlags: 1
  m_CorrespondingSourceObject: {fileID: 0}
  m_PrefabInternal: {fileID: 100100000}
  serializedVersion: 6
  m_Component:
  - component: {fileID: 4702652143816160}
  m_Layer: 0
  m_Name: Base HumanLDigit31
  m_TagString: Untagged
  m_Icon: {fileID: 0}
  m_NavMeshLayer: 0
  m_StaticEditorFlags: 0
  m_IsActive: 1
--- !u!1 &1050146746427680
GameObject:
  m_ObjectHideFlags: 1
  m_CorrespondingSourceObject: {fileID: 0}
  m_PrefabInternal: {fileID: 100100000}
  serializedVersion: 6
  m_Component:
  - component: {fileID: 4472273830779182}
  m_Layer: 0
  m_Name: Base HumanRDigit53
  m_TagString: Untagged
  m_Icon: {fileID: 0}
  m_NavMeshLayer: 0
  m_StaticEditorFlags: 0
  m_IsActive: 1
--- !u!1 &1065298325746814
GameObject:
  m_ObjectHideFlags: 1
  m_CorrespondingSourceObject: {fileID: 0}
  m_PrefabInternal: {fileID: 100100000}
  serializedVersion: 6
  m_Component:
  - component: {fileID: 4491760910207508}
  m_Layer: 0
  m_Name: Base HumanRibcage
  m_TagString: Untagged
  m_Icon: {fileID: 0}
  m_NavMeshLayer: 0
  m_StaticEditorFlags: 0
  m_IsActive: 1
--- !u!1 &1098948865851866
GameObject:
  m_ObjectHideFlags: 1
  m_CorrespondingSourceObject: {fileID: 0}
  m_PrefabInternal: {fileID: 100100000}
  serializedVersion: 6
  m_Component:
  - component: {fileID: 4718643864281464}
  m_Layer: 0
  m_Name: Base HumanRThigh
  m_TagString: Untagged
  m_Icon: {fileID: 0}
  m_NavMeshLayer: 0
  m_StaticEditorFlags: 0
  m_IsActive: 1
--- !u!1 &1108326132390130
GameObject:
  m_ObjectHideFlags: 1
  m_CorrespondingSourceObject: {fileID: 0}
  m_PrefabInternal: {fileID: 100100000}
  serializedVersion: 6
  m_Component:
  - component: {fileID: 4652774340912560}
  m_Layer: 0
  m_Name: Base HumanLDigit52
  m_TagString: Untagged
  m_Icon: {fileID: 0}
  m_NavMeshLayer: 0
  m_StaticEditorFlags: 0
  m_IsActive: 1
--- !u!1 &1109902078617708
GameObject:
  m_ObjectHideFlags: 1
  m_CorrespondingSourceObject: {fileID: 0}
  m_PrefabInternal: {fileID: 100100000}
  serializedVersion: 6
  m_Component:
  - component: {fileID: 4945562878251634}
  m_Layer: 0
  m_Name: Base HumanTail2
  m_TagString: Untagged
  m_Icon: {fileID: 0}
  m_NavMeshLayer: 0
  m_StaticEditorFlags: 0
  m_IsActive: 1
--- !u!1 &1110642815345542
GameObject:
  m_ObjectHideFlags: 1
  m_CorrespondingSourceObject: {fileID: 0}
  m_PrefabInternal: {fileID: 100100000}
  serializedVersion: 6
  m_Component:
  - component: {fileID: 4990231866967940}
  m_Layer: 0
  m_Name: Base HumanLDigit32
  m_TagString: Untagged
  m_Icon: {fileID: 0}
  m_NavMeshLayer: 0
  m_StaticEditorFlags: 0
  m_IsActive: 1
--- !u!1 &1111075050810402
GameObject:
  m_ObjectHideFlags: 1
  m_CorrespondingSourceObject: {fileID: 0}
  m_PrefabInternal: {fileID: 100100000}
  serializedVersion: 6
  m_Component:
  - component: {fileID: 4632666347365006}
  m_Layer: 0
  m_Name: Base HumanSpine3
  m_TagString: Untagged
  m_Icon: {fileID: 0}
  m_NavMeshLayer: 0
  m_StaticEditorFlags: 0
  m_IsActive: 1
--- !u!1 &1115566312735248
GameObject:
  m_ObjectHideFlags: 0
  m_CorrespondingSourceObject: {fileID: 0}
  m_PrefabInternal: {fileID: 100100000}
  serializedVersion: 6
  m_Component:
  - component: {fileID: 4368935899709686}
  - component: {fileID: 95011979774671720}
  - component: {fileID: 114762735703128972}
  m_Layer: 0
  m_Name: female_01
  m_TagString: Untagged
  m_Icon: {fileID: 0}
  m_NavMeshLayer: 0
  m_StaticEditorFlags: 0
  m_IsActive: 1
--- !u!1 &1122813668760484
GameObject:
  m_ObjectHideFlags: 1
  m_CorrespondingSourceObject: {fileID: 0}
  m_PrefabInternal: {fileID: 100100000}
  serializedVersion: 6
  m_Component:
  - component: {fileID: 4752470422076836}
  m_Layer: 0
  m_Name: Base HumanTail3
  m_TagString: Untagged
  m_Icon: {fileID: 0}
  m_NavMeshLayer: 0
  m_StaticEditorFlags: 0
  m_IsActive: 1
--- !u!1 &1127993419992488
GameObject:
  m_ObjectHideFlags: 1
  m_CorrespondingSourceObject: {fileID: 0}
  m_PrefabInternal: {fileID: 100100000}
  serializedVersion: 6
  m_Component:
  - component: {fileID: 4725515586884990}
  m_Layer: 0
  m_Name: Base HumanRDigit51
  m_TagString: Untagged
  m_Icon: {fileID: 0}
  m_NavMeshLayer: 0
  m_StaticEditorFlags: 0
  m_IsActive: 1
--- !u!1 &1136788801850060
GameObject:
  m_ObjectHideFlags: 1
  m_CorrespondingSourceObject: {fileID: 0}
  m_PrefabInternal: {fileID: 100100000}
  serializedVersion: 6
  m_Component:
  - component: {fileID: 4963232360361102}
  m_Layer: 0
  m_Name: Base HumanLDigit41
  m_TagString: Untagged
  m_Icon: {fileID: 0}
  m_NavMeshLayer: 0
  m_StaticEditorFlags: 0
  m_IsActive: 1
--- !u!1 &1140141128991114
GameObject:
  m_ObjectHideFlags: 1
  m_CorrespondingSourceObject: {fileID: 0}
  m_PrefabInternal: {fileID: 100100000}
  serializedVersion: 6
  m_Component:
  - component: {fileID: 4896085909068102}
  m_Layer: 0
  m_Name: Base HumanLFoot
  m_TagString: Untagged
  m_Icon: {fileID: 0}
  m_NavMeshLayer: 0
  m_StaticEditorFlags: 0
  m_IsActive: 1
--- !u!1 &1145261184945752
GameObject:
  m_ObjectHideFlags: 1
  m_CorrespondingSourceObject: {fileID: 0}
  m_PrefabInternal: {fileID: 100100000}
  serializedVersion: 6
  m_Component:
  - component: {fileID: 4665577501886612}
  m_Layer: 0
  m_Name: Base HumanRDigit21
  m_TagString: Untagged
  m_Icon: {fileID: 0}
  m_NavMeshLayer: 0
  m_StaticEditorFlags: 0
  m_IsActive: 1
--- !u!1 &1151465045661092
GameObject:
  m_ObjectHideFlags: 0
  m_CorrespondingSourceObject: {fileID: 0}
  m_PrefabInternal: {fileID: 100100000}
  serializedVersion: 6
  m_Component:
  - component: {fileID: 4458457741490156}
  - component: {fileID: 137135966698768522}
  m_Layer: 0
  m_Name: villager_female_ponnytail
  m_TagString: Untagged
  m_Icon: {fileID: 0}
  m_NavMeshLayer: 0
  m_StaticEditorFlags: 0
  m_IsActive: 1
--- !u!1 &1178316688766058
GameObject:
  m_ObjectHideFlags: 1
  m_CorrespondingSourceObject: {fileID: 0}
  m_PrefabInternal: {fileID: 100100000}
  serializedVersion: 6
  m_Component:
  - component: {fileID: 4910440909648000}
  m_Layer: 0
  m_Name: Base HumanRDigit12
  m_TagString: Untagged
  m_Icon: {fileID: 0}
  m_NavMeshLayer: 0
  m_StaticEditorFlags: 0
  m_IsActive: 1
--- !u!1 &1182977149103884
GameObject:
  m_ObjectHideFlags: 1
  m_CorrespondingSourceObject: {fileID: 0}
  m_PrefabInternal: {fileID: 100100000}
  serializedVersion: 6
  m_Component:
  - component: {fileID: 4135435824495422}
  m_Layer: 0
  m_Name: Base HumanRDigit43
  m_TagString: Untagged
  m_Icon: {fileID: 0}
  m_NavMeshLayer: 0
  m_StaticEditorFlags: 0
  m_IsActive: 1
--- !u!1 &1183957610051042
GameObject:
  m_ObjectHideFlags: 1
  m_CorrespondingSourceObject: {fileID: 0}
  m_PrefabInternal: {fileID: 100100000}
  serializedVersion: 6
  m_Component:
  - component: {fileID: 4037780733665352}
  m_Layer: 0
  m_Name: Base HumanRCollarbone
  m_TagString: Untagged
  m_Icon: {fileID: 0}
  m_NavMeshLayer: 0
  m_StaticEditorFlags: 0
  m_IsActive: 1
--- !u!1 &1185197713740326
GameObject:
  m_ObjectHideFlags: 1
  m_CorrespondingSourceObject: {fileID: 0}
  m_PrefabInternal: {fileID: 100100000}
  serializedVersion: 6
  m_Component:
  - component: {fileID: 4675414466555170}
  m_Layer: 0
  m_Name: Base HumanRForearm
  m_TagString: Untagged
  m_Icon: {fileID: 0}
  m_NavMeshLayer: 0
  m_StaticEditorFlags: 0
  m_IsActive: 1
--- !u!1 &1217647792724064
GameObject:
  m_ObjectHideFlags: 1
  m_CorrespondingSourceObject: {fileID: 0}
  m_PrefabInternal: {fileID: 100100000}
  serializedVersion: 6
  m_Component:
  - component: {fileID: 4721419761489090}
  m_Layer: 0
  m_Name: Base HumanLDigit11
  m_TagString: Untagged
  m_Icon: {fileID: 0}
  m_NavMeshLayer: 0
  m_StaticEditorFlags: 0
  m_IsActive: 1
--- !u!1 &1222984873953276
GameObject:
  m_ObjectHideFlags: 1
  m_CorrespondingSourceObject: {fileID: 0}
  m_PrefabInternal: {fileID: 100100000}
  serializedVersion: 6
  m_Component:
  - component: {fileID: 4137923740628416}
  m_Layer: 0
  m_Name: Base HumanLCollarbone
  m_TagString: Untagged
  m_Icon: {fileID: 0}
  m_NavMeshLayer: 0
  m_StaticEditorFlags: 0
  m_IsActive: 1
--- !u!1 &1226316613602370
GameObject:
  m_ObjectHideFlags: 1
  m_CorrespondingSourceObject: {fileID: 0}
  m_PrefabInternal: {fileID: 100100000}
  serializedVersion: 6
  m_Component:
  - component: {fileID: 4861885805849682}
  m_Layer: 0
  m_Name: Base HumanRDigit32
  m_TagString: Untagged
  m_Icon: {fileID: 0}
  m_NavMeshLayer: 0
  m_StaticEditorFlags: 0
  m_IsActive: 1
--- !u!1 &1240991620899388
GameObject:
  m_ObjectHideFlags: 1
  m_CorrespondingSourceObject: {fileID: 0}
  m_PrefabInternal: {fileID: 100100000}
  serializedVersion: 6
  m_Component:
  - component: {fileID: 4889746368176668}
  m_Layer: 0
  m_Name: Base HumanLForearm
  m_TagString: Untagged
  m_Icon: {fileID: 0}
  m_NavMeshLayer: 0
  m_StaticEditorFlags: 0
  m_IsActive: 1
--- !u!1 &1250889889338286
GameObject:
  m_ObjectHideFlags: 1
  m_CorrespondingSourceObject: {fileID: 0}
  m_PrefabInternal: {fileID: 100100000}
  serializedVersion: 6
  m_Component:
  - component: {fileID: 4636390519361062}
  m_Layer: 0
  m_Name: Base HumanRDigit11 1
  m_TagString: Untagged
  m_Icon: {fileID: 0}
  m_NavMeshLayer: 0
  m_StaticEditorFlags: 0
  m_IsActive: 1
--- !u!1 &1260188429057760
GameObject:
  m_ObjectHideFlags: 1
  m_CorrespondingSourceObject: {fileID: 0}
  m_PrefabInternal: {fileID: 100100000}
  serializedVersion: 6
  m_Component:
  - component: {fileID: 4439410920781348}
  m_Layer: 0
  m_Name: Base HumanLDigit33
  m_TagString: Untagged
  m_Icon: {fileID: 0}
  m_NavMeshLayer: 0
  m_StaticEditorFlags: 0
  m_IsActive: 1
--- !u!1 &1261180196459762
GameObject:
  m_ObjectHideFlags: 1
  m_CorrespondingSourceObject: {fileID: 0}
  m_PrefabInternal: {fileID: 100100000}
  serializedVersion: 6
  m_Component:
  - component: {fileID: 4868988210401710}
  m_Layer: 0
  m_Name: Base HumanLDigit41
  m_TagString: Untagged
  m_Icon: {fileID: 0}
  m_NavMeshLayer: 0
  m_StaticEditorFlags: 0
  m_IsActive: 1
--- !u!1 &1275673717086470
GameObject:
  m_ObjectHideFlags: 1
  m_CorrespondingSourceObject: {fileID: 0}
  m_PrefabInternal: {fileID: 100100000}
  serializedVersion: 6
  m_Component:
  - component: {fileID: 4274483196339770}
  m_Layer: 0
  m_Name: Base HumanRCalf
  m_TagString: Untagged
  m_Icon: {fileID: 0}
  m_NavMeshLayer: 0
  m_StaticEditorFlags: 0
  m_IsActive: 1
--- !u!1 &1292290358022442
GameObject:
  m_ObjectHideFlags: 1
  m_CorrespondingSourceObject: {fileID: 0}
  m_PrefabInternal: {fileID: 100100000}
  serializedVersion: 6
  m_Component:
  - component: {fileID: 4813392986567846}
  m_Layer: 0
  m_Name: Base HumanLDigit11 1
  m_TagString: Untagged
  m_Icon: {fileID: 0}
  m_NavMeshLayer: 0
  m_StaticEditorFlags: 0
  m_IsActive: 1
--- !u!1 &1301327030606078
GameObject:
  m_ObjectHideFlags: 1
  m_CorrespondingSourceObject: {fileID: 0}
  m_PrefabInternal: {fileID: 100100000}
  serializedVersion: 6
  m_Component:
  - component: {fileID: 4111856613080380}
  m_Layer: 0
  m_Name: Base HumanRDigit22
  m_TagString: Untagged
  m_Icon: {fileID: 0}
  m_NavMeshLayer: 0
  m_StaticEditorFlags: 0
  m_IsActive: 1
--- !u!1 &1303294403122632
GameObject:
  m_ObjectHideFlags: 0
  m_CorrespondingSourceObject: {fileID: 0}
  m_PrefabInternal: {fileID: 100100000}
  serializedVersion: 6
  m_Component:
  - component: {fileID: 4649483992554838}
  - component: {fileID: 137925356991985132}
  m_Layer: 0
  m_Name: villager_female_A_body
  m_TagString: Untagged
  m_Icon: {fileID: 0}
  m_NavMeshLayer: 0
  m_StaticEditorFlags: 0
  m_IsActive: 1
--- !u!1 &1311892410781082
GameObject:
  m_ObjectHideFlags: 1
  m_CorrespondingSourceObject: {fileID: 0}
  m_PrefabInternal: {fileID: 100100000}
  serializedVersion: 6
  m_Component:
  - component: {fileID: 4740627613493872}
  m_Layer: 0
  m_Name: Base HumanRDigit33
  m_TagString: Untagged
  m_Icon: {fileID: 0}
  m_NavMeshLayer: 0
  m_StaticEditorFlags: 0
  m_IsActive: 1
--- !u!1 &1320865375417482
GameObject:
  m_ObjectHideFlags: 1
  m_CorrespondingSourceObject: {fileID: 0}
  m_PrefabInternal: {fileID: 100100000}
  serializedVersion: 6
  m_Component:
  - component: {fileID: 4853491175997404}
  m_Layer: 0
  m_Name: Base HumanNeck
  m_TagString: Untagged
  m_Icon: {fileID: 0}
  m_NavMeshLayer: 0
  m_StaticEditorFlags: 0
  m_IsActive: 1
--- !u!1 &1326212226457276
GameObject:
  m_ObjectHideFlags: 1
  m_CorrespondingSourceObject: {fileID: 0}
  m_PrefabInternal: {fileID: 100100000}
  serializedVersion: 6
  m_Component:
  - component: {fileID: 4770532363400518}
  m_Layer: 0
  m_Name: Base HumanRDigit41
  m_TagString: Untagged
  m_Icon: {fileID: 0}
  m_NavMeshLayer: 0
  m_StaticEditorFlags: 0
  m_IsActive: 1
--- !u!1 &1328850034259764
GameObject:
  m_ObjectHideFlags: 1
  m_CorrespondingSourceObject: {fileID: 0}
  m_PrefabInternal: {fileID: 100100000}
  serializedVersion: 6
  m_Component:
  - component: {fileID: 4127146826414306}
  m_Layer: 0
  m_Name: Base HumanRDigit42
  m_TagString: Untagged
  m_Icon: {fileID: 0}
  m_NavMeshLayer: 0
  m_StaticEditorFlags: 0
  m_IsActive: 1
--- !u!1 &1330661294012462
GameObject:
  m_ObjectHideFlags: 1
  m_CorrespondingSourceObject: {fileID: 0}
  m_PrefabInternal: {fileID: 100100000}
  serializedVersion: 6
  m_Component:
  - component: {fileID: 4709967310471182}
  m_Layer: 0
  m_Name: Base HumanLDigit53
  m_TagString: Untagged
  m_Icon: {fileID: 0}
  m_NavMeshLayer: 0
  m_StaticEditorFlags: 0
  m_IsActive: 1
--- !u!1 &1356776703441806
GameObject:
  m_ObjectHideFlags: 1
  m_CorrespondingSourceObject: {fileID: 0}
  m_PrefabInternal: {fileID: 100100000}
  serializedVersion: 6
  m_Component:
  - component: {fileID: 4596836937331336}
  m_Layer: 0
  m_Name: bon_gob_war_jaw
  m_TagString: Untagged
  m_Icon: {fileID: 0}
  m_NavMeshLayer: 0
  m_StaticEditorFlags: 0
  m_IsActive: 1
--- !u!1 &1384890879515430
GameObject:
  m_ObjectHideFlags: 1
  m_CorrespondingSourceObject: {fileID: 0}
  m_PrefabInternal: {fileID: 100100000}
  serializedVersion: 6
  m_Component:
  - component: {fileID: 4488045462130928}
  m_Layer: 0
  m_Name: Base HumanSpine2
  m_TagString: Untagged
  m_Icon: {fileID: 0}
  m_NavMeshLayer: 0
  m_StaticEditorFlags: 0
  m_IsActive: 1
--- !u!1 &1446215100612192
GameObject:
  m_ObjectHideFlags: 1
  m_CorrespondingSourceObject: {fileID: 0}
  m_PrefabInternal: {fileID: 100100000}
  serializedVersion: 6
  m_Component:
  - component: {fileID: 4799265265309352}
  m_Layer: 0
  m_Name: Base HumanLThigh
  m_TagString: Untagged
  m_Icon: {fileID: 0}
  m_NavMeshLayer: 0
  m_StaticEditorFlags: 0
  m_IsActive: 1
--- !u!1 &1496841406933916
GameObject:
  m_ObjectHideFlags: 1
  m_CorrespondingSourceObject: {fileID: 0}
  m_PrefabInternal: {fileID: 100100000}
  serializedVersion: 6
  m_Component:
  - component: {fileID: 4892851545062564}
  m_Layer: 0
  m_Name: Base HumanRDigit11
  m_TagString: Untagged
  m_Icon: {fileID: 0}
  m_NavMeshLayer: 0
  m_StaticEditorFlags: 0
  m_IsActive: 1
--- !u!1 &1508574704125314
GameObject:
  m_ObjectHideFlags: 1
  m_CorrespondingSourceObject: {fileID: 0}
  m_PrefabInternal: {fileID: 100100000}
  serializedVersion: 6
  m_Component:
  - component: {fileID: 4815109978193072}
  m_Layer: 0
  m_Name: Base HumanLDigit51
  m_TagString: Untagged
  m_Icon: {fileID: 0}
  m_NavMeshLayer: 0
  m_StaticEditorFlags: 0
  m_IsActive: 1
--- !u!1 &1510744179225338
GameObject:
  m_ObjectHideFlags: 1
  m_CorrespondingSourceObject: {fileID: 0}
  m_PrefabInternal: {fileID: 100100000}
  serializedVersion: 6
  m_Component:
  - component: {fileID: 4387200791586202}
  m_Layer: 0
  m_Name: Base HumanRDigit42
  m_TagString: Untagged
  m_Icon: {fileID: 0}
  m_NavMeshLayer: 0
  m_StaticEditorFlags: 0
  m_IsActive: 1
--- !u!1 &1533128752729302
GameObject:
  m_ObjectHideFlags: 1
  m_CorrespondingSourceObject: {fileID: 0}
  m_PrefabInternal: {fileID: 100100000}
  serializedVersion: 6
  m_Component:
  - component: {fileID: 4797701939398658}
  m_Layer: 0
  m_Name: Base HumanRDigit13
  m_TagString: Untagged
  m_Icon: {fileID: 0}
  m_NavMeshLayer: 0
  m_StaticEditorFlags: 0
  m_IsActive: 1
--- !u!1 &1543514392694552
GameObject:
  m_ObjectHideFlags: 1
  m_CorrespondingSourceObject: {fileID: 0}
  m_PrefabInternal: {fileID: 100100000}
  serializedVersion: 6
  m_Component:
  - component: {fileID: 4441257045128716}
  m_Layer: 0
  m_Name: Base HumanLDigit13
  m_TagString: Untagged
  m_Icon: {fileID: 0}
  m_NavMeshLayer: 0
  m_StaticEditorFlags: 0
  m_IsActive: 1
--- !u!1 &1596596834710332
GameObject:
  m_ObjectHideFlags: 1
  m_CorrespondingSourceObject: {fileID: 0}
  m_PrefabInternal: {fileID: 100100000}
  serializedVersion: 6
  m_Component:
  - component: {fileID: 4820789914941692}
  m_Layer: 0
  m_Name: Base HumanLDigit21
  m_TagString: Untagged
  m_Icon: {fileID: 0}
  m_NavMeshLayer: 0
  m_StaticEditorFlags: 0
  m_IsActive: 1
--- !u!1 &1606520906547570
GameObject:
  m_ObjectHideFlags: 1
  m_CorrespondingSourceObject: {fileID: 0}
  m_PrefabInternal: {fileID: 100100000}
  serializedVersion: 6
  m_Component:
  - component: {fileID: 4100262229555748}
  m_Layer: 0
  m_Name: Base HumanLDigit22
  m_TagString: Untagged
  m_Icon: {fileID: 0}
  m_NavMeshLayer: 0
  m_StaticEditorFlags: 0
  m_IsActive: 1
--- !u!1 &1610456791718016
GameObject:
  m_ObjectHideFlags: 1
  m_CorrespondingSourceObject: {fileID: 0}
  m_PrefabInternal: {fileID: 100100000}
  serializedVersion: 6
  m_Component:
  - component: {fileID: 4253401876714164}
  m_Layer: 0
  m_Name: Base HumanRDigit31
  m_TagString: Untagged
  m_Icon: {fileID: 0}
  m_NavMeshLayer: 0
  m_StaticEditorFlags: 0
  m_IsActive: 1
--- !u!1 &1635897091994024
GameObject:
  m_ObjectHideFlags: 1
  m_CorrespondingSourceObject: {fileID: 0}
  m_PrefabInternal: {fileID: 100100000}
  serializedVersion: 6
  m_Component:
  - component: {fileID: 4407800706613396}
  m_Layer: 0
  m_Name: Base HumanLDigit23
  m_TagString: Untagged
  m_Icon: {fileID: 0}
  m_NavMeshLayer: 0
  m_StaticEditorFlags: 0
  m_IsActive: 1
--- !u!1 &1638444808064602
GameObject:
  m_ObjectHideFlags: 1
  m_CorrespondingSourceObject: {fileID: 0}
  m_PrefabInternal: {fileID: 100100000}
  serializedVersion: 6
  m_Component:
  - component: {fileID: 4232330412373120}
  m_Layer: 0
  m_Name: Base HumanRPalm
  m_TagString: Untagged
  m_Icon: {fileID: 0}
  m_NavMeshLayer: 0
  m_StaticEditorFlags: 0
  m_IsActive: 1
--- !u!1 &1640776270630852
GameObject:
  m_ObjectHideFlags: 1
  m_CorrespondingSourceObject: {fileID: 0}
  m_PrefabInternal: {fileID: 100100000}
  serializedVersion: 6
  m_Component:
  - component: {fileID: 4642291946765446}
  m_Layer: 0
  m_Name: Base HumanRDigit41
  m_TagString: Untagged
  m_Icon: {fileID: 0}
  m_NavMeshLayer: 0
  m_StaticEditorFlags: 0
  m_IsActive: 1
--- !u!1 &1644743692703670
GameObject:
  m_ObjectHideFlags: 1
  m_CorrespondingSourceObject: {fileID: 0}
  m_PrefabInternal: {fileID: 100100000}
  serializedVersion: 6
  m_Component:
  - component: {fileID: 4624771134466002}
  m_Layer: 0
  m_Name: Base HumanTail1
  m_TagString: Untagged
  m_Icon: {fileID: 0}
  m_NavMeshLayer: 0
  m_StaticEditorFlags: 0
  m_IsActive: 1
--- !u!1 &1645177813474402
GameObject:
  m_ObjectHideFlags: 1
  m_CorrespondingSourceObject: {fileID: 0}
  m_PrefabInternal: {fileID: 100100000}
  serializedVersion: 6
  m_Component:
  - component: {fileID: 4771412176274524}
  m_Layer: 0
  m_Name: Base HumanLDigit42
  m_TagString: Untagged
  m_Icon: {fileID: 0}
  m_NavMeshLayer: 0
  m_StaticEditorFlags: 0
  m_IsActive: 1
--- !u!1 &1646129888248332
GameObject:
  m_ObjectHideFlags: 1
  m_CorrespondingSourceObject: {fileID: 0}
  m_PrefabInternal: {fileID: 100100000}
  serializedVersion: 6
  m_Component:
  - component: {fileID: 4671662965469372}
  m_Layer: 0
  m_Name: Base HumanLDigit52
  m_TagString: Untagged
  m_Icon: {fileID: 0}
  m_NavMeshLayer: 0
  m_StaticEditorFlags: 0
  m_IsActive: 1
--- !u!1 &1646933157695602
GameObject:
  m_ObjectHideFlags: 1
  m_CorrespondingSourceObject: {fileID: 0}
  m_PrefabInternal: {fileID: 100100000}
  serializedVersion: 6
  m_Component:
  - component: {fileID: 4593459564854382}
  m_Layer: 0
  m_Name: bon_gob_war_face
  m_TagString: Untagged
  m_Icon: {fileID: 0}
  m_NavMeshLayer: 0
  m_StaticEditorFlags: 0
  m_IsActive: 1
--- !u!1 &1685018580659110
GameObject:
  m_ObjectHideFlags: 1
  m_CorrespondingSourceObject: {fileID: 0}
  m_PrefabInternal: {fileID: 100100000}
  serializedVersion: 6
  m_Component:
  - component: {fileID: 4528638687736100}
  m_Layer: 0
  m_Name: Base HumanRDigit43
  m_TagString: Untagged
  m_Icon: {fileID: 0}
  m_NavMeshLayer: 0
  m_StaticEditorFlags: 0
  m_IsActive: 1
--- !u!1 &1705717872036338
GameObject:
  m_ObjectHideFlags: 1
  m_CorrespondingSourceObject: {fileID: 0}
  m_PrefabInternal: {fileID: 100100000}
  serializedVersion: 6
  m_Component:
  - component: {fileID: 4428010845570058}
  m_Layer: 0
  m_Name: Base HumanSpine1
  m_TagString: Untagged
  m_Icon: {fileID: 0}
  m_NavMeshLayer: 0
  m_StaticEditorFlags: 0
  m_IsActive: 1
--- !u!1 &1719082467657968
GameObject:
  m_ObjectHideFlags: 1
  m_CorrespondingSourceObject: {fileID: 0}
  m_PrefabInternal: {fileID: 100100000}
  serializedVersion: 6
  m_Component:
  - component: {fileID: 4491047193923626}
  m_Layer: 0
  m_Name: Base HumanRFoot
  m_TagString: Untagged
  m_Icon: {fileID: 0}
  m_NavMeshLayer: 0
  m_StaticEditorFlags: 0
  m_IsActive: 1
--- !u!1 &1741178761207972
GameObject:
  m_ObjectHideFlags: 1
  m_CorrespondingSourceObject: {fileID: 0}
  m_PrefabInternal: {fileID: 100100000}
  serializedVersion: 6
  m_Component:
  - component: {fileID: 4793884371949000}
  m_Layer: 0
  m_Name: Base HumanRDigit51
  m_TagString: Untagged
  m_Icon: {fileID: 0}
  m_NavMeshLayer: 0
  m_StaticEditorFlags: 0
  m_IsActive: 1
--- !u!1 &1755690658517776
GameObject:
  m_ObjectHideFlags: 1
  m_CorrespondingSourceObject: {fileID: 0}
  m_PrefabInternal: {fileID: 100100000}
  serializedVersion: 6
  m_Component:
  - component: {fileID: 4649033326956240}
  m_Layer: 0
  m_Name: Base HumanRDigit23
  m_TagString: Untagged
  m_Icon: {fileID: 0}
  m_NavMeshLayer: 0
  m_StaticEditorFlags: 0
  m_IsActive: 1
--- !u!1 &1792980358187528
GameObject:
  m_ObjectHideFlags: 1
  m_CorrespondingSourceObject: {fileID: 0}
  m_PrefabInternal: {fileID: 100100000}
  serializedVersion: 6
  m_Component:
  - component: {fileID: 4022020328113566}
  m_Layer: 0
  m_Name: Base HumanLDigit12
  m_TagString: Untagged
  m_Icon: {fileID: 0}
  m_NavMeshLayer: 0
  m_StaticEditorFlags: 0
  m_IsActive: 1
--- !u!1 &1810386673724638
GameObject:
  m_ObjectHideFlags: 0
  m_CorrespondingSourceObject: {fileID: 0}
  m_PrefabInternal: {fileID: 100100000}
  serializedVersion: 6
  m_Component:
  - component: {fileID: 4786709281206268}
  m_Layer: 0
  m_Name: Base HumanPelvis
  m_TagString: Untagged
  m_Icon: {fileID: 0}
  m_NavMeshLayer: 0
  m_StaticEditorFlags: 0
  m_IsActive: 1
--- !u!1 &1816082705992016
GameObject:
  m_ObjectHideFlags: 1
  m_CorrespondingSourceObject: {fileID: 0}
  m_PrefabInternal: {fileID: 100100000}
  serializedVersion: 6
  m_Component:
  - component: {fileID: 4301349175667752}
  m_Layer: 0
  m_Name: Base HumanRDigit52
  m_TagString: Untagged
  m_Icon: {fileID: 0}
  m_NavMeshLayer: 0
  m_StaticEditorFlags: 0
  m_IsActive: 1
--- !u!1 &1825533111913920
GameObject:
  m_ObjectHideFlags: 1
  m_CorrespondingSourceObject: {fileID: 0}
  m_PrefabInternal: {fileID: 100100000}
  serializedVersion: 6
  m_Component:
  - component: {fileID: 4125605199171956}
  m_Layer: 0
  m_Name: Base HumanLPalm
  m_TagString: Untagged
  m_Icon: {fileID: 0}
  m_NavMeshLayer: 0
  m_StaticEditorFlags: 0
  m_IsActive: 1
--- !u!1 &1875121847866384
GameObject:
  m_ObjectHideFlags: 1
  m_CorrespondingSourceObject: {fileID: 0}
  m_PrefabInternal: {fileID: 100100000}
  serializedVersion: 6
  m_Component:
  - component: {fileID: 4638350368217268}
  m_Layer: 0
  m_Name: Base HumanRDigit53
  m_TagString: Untagged
  m_Icon: {fileID: 0}
  m_NavMeshLayer: 0
  m_StaticEditorFlags: 0
  m_IsActive: 1
--- !u!1 &1907976179069348
GameObject:
  m_ObjectHideFlags: 1
  m_CorrespondingSourceObject: {fileID: 0}
  m_PrefabInternal: {fileID: 100100000}
  serializedVersion: 6
  m_Component:
  - component: {fileID: 4518407418153692}
  m_Layer: 0
  m_Name: Base HumanLDigit42
  m_TagString: Untagged
  m_Icon: {fileID: 0}
  m_NavMeshLayer: 0
  m_StaticEditorFlags: 0
  m_IsActive: 1
--- !u!1 &1911177082216638
GameObject:
  m_ObjectHideFlags: 1
  m_CorrespondingSourceObject: {fileID: 0}
  m_PrefabInternal: {fileID: 100100000}
  serializedVersion: 6
  m_Component:
  - component: {fileID: 4570973139034396}
  m_Layer: 0
  m_Name: Base HumanLDigit43
  m_TagString: Untagged
  m_Icon: {fileID: 0}
  m_NavMeshLayer: 0
  m_StaticEditorFlags: 0
  m_IsActive: 1
--- !u!1 &1922239293742646
GameObject:
  m_ObjectHideFlags: 1
  m_CorrespondingSourceObject: {fileID: 0}
  m_PrefabInternal: {fileID: 100100000}
  serializedVersion: 6
  m_Component:
  - component: {fileID: 4555498218267904}
  m_Layer: 0
  m_Name: Base HumanLUpperarm
  m_TagString: Untagged
  m_Icon: {fileID: 0}
  m_NavMeshLayer: 0
  m_StaticEditorFlags: 0
  m_IsActive: 1
--- !u!1 &1941604521614236
GameObject:
  m_ObjectHideFlags: 1
  m_CorrespondingSourceObject: {fileID: 0}
  m_PrefabInternal: {fileID: 100100000}
  serializedVersion: 6
  m_Component:
  - component: {fileID: 4435839303734240}
  m_Layer: 0
  m_Name: Base HumanHead
  m_TagString: Untagged
  m_Icon: {fileID: 0}
  m_NavMeshLayer: 0
  m_StaticEditorFlags: 0
  m_IsActive: 1
--- !u!1 &1953674954740634
GameObject:
  m_ObjectHideFlags: 1
  m_CorrespondingSourceObject: {fileID: 0}
  m_PrefabInternal: {fileID: 100100000}
  serializedVersion: 6
  m_Component:
  - component: {fileID: 4457115049486212}
  m_Layer: 0
  m_Name: Base HumanRUpperarm
  m_TagString: Untagged
  m_Icon: {fileID: 0}
  m_NavMeshLayer: 0
  m_StaticEditorFlags: 0
  m_IsActive: 1
--- !u!1 &1954305640351750
GameObject:
  m_ObjectHideFlags: 1
  m_CorrespondingSourceObject: {fileID: 0}
  m_PrefabInternal: {fileID: 100100000}
  serializedVersion: 6
  m_Component:
  - component: {fileID: 4110326140421276}
  m_Layer: 0
  m_Name: Base HumanLDigit51
  m_TagString: Untagged
  m_Icon: {fileID: 0}
  m_NavMeshLayer: 0
  m_StaticEditorFlags: 0
  m_IsActive: 1
--- !u!1 &1982148687184370
GameObject:
  m_ObjectHideFlags: 1
  m_CorrespondingSourceObject: {fileID: 0}
  m_PrefabInternal: {fileID: 100100000}
  serializedVersion: 6
  m_Component:
  - component: {fileID: 4094671768653186}
  m_Layer: 0
  m_Name: Base HumanLDigit53
  m_TagString: Untagged
  m_Icon: {fileID: 0}
  m_NavMeshLayer: 0
  m_StaticEditorFlags: 0
  m_IsActive: 1
--- !u!1 &1982173680993040
GameObject:
  m_ObjectHideFlags: 1
  m_CorrespondingSourceObject: {fileID: 0}
  m_PrefabInternal: {fileID: 100100000}
  serializedVersion: 6
  m_Component:
  - component: {fileID: 4365298953593256}
  m_Layer: 0
  m_Name: Base HumanLCalf
  m_TagString: Untagged
  m_Icon: {fileID: 0}
  m_NavMeshLayer: 0
  m_StaticEditorFlags: 0
  m_IsActive: 1
--- !u!1 &1991912261363440
GameObject:
  m_ObjectHideFlags: 1
  m_CorrespondingSourceObject: {fileID: 0}
  m_PrefabInternal: {fileID: 100100000}
  serializedVersion: 6
  m_Component:
  - component: {fileID: 4364351745431562}
  m_Layer: 0
  m_Name: Base HumanLDigit43
  m_TagString: Untagged
  m_Icon: {fileID: 0}
  m_NavMeshLayer: 0
  m_StaticEditorFlags: 0
  m_IsActive: 1
--- !u!1 &1997396744940676
GameObject:
  m_ObjectHideFlags: 1
  m_CorrespondingSourceObject: {fileID: 0}
  m_PrefabInternal: {fileID: 100100000}
  serializedVersion: 6
  m_Component:
  - component: {fileID: 4006759259120936}
  m_Layer: 0
  m_Name: Base HumanRDigit52
  m_TagString: Untagged
  m_Icon: {fileID: 0}
  m_NavMeshLayer: 0
  m_StaticEditorFlags: 0
  m_IsActive: 1
--- !u!4 &4006759259120936
Transform:
  m_ObjectHideFlags: 1
  m_CorrespondingSourceObject: {fileID: 0}
  m_PrefabInternal: {fileID: 100100000}
  m_GameObject: {fileID: 1997396744940676}
  m_LocalRotation: {x: -0.000000004789444, y: -0.0000000034286578, z: 0.2950927, w: 0.95546865}
  m_LocalPosition: {x: -0.04025139, y: 0.000000019073486, z: -0.000000009536743}
  m_LocalScale: {x: 1.0000001, y: 1, z: 0.99999994}
  m_Children:
  - {fileID: 4638350368217268}
  m_Father: {fileID: 4793884371949000}
  m_RootOrder: 0
  m_LocalEulerAnglesHint: {x: 0, y: 0, z: 0}
--- !u!4 &4022020328113566
Transform:
  m_ObjectHideFlags: 1
  m_CorrespondingSourceObject: {fileID: 0}
  m_PrefabInternal: {fileID: 100100000}
  m_GameObject: {fileID: 1792980358187528}
  m_LocalRotation: {x: -0.011272206, y: 0.017309442, z: 0.20824039, w: 0.97785956}
  m_LocalPosition: {x: -0.059408795, y: 0, z: 0.000000019073486}
  m_LocalScale: {x: 1.0000001, y: 1.0000002, z: 1}
  m_Children:
  - {fileID: 4441257045128716}
  m_Father: {fileID: 4813392986567846}
  m_RootOrder: 0
  m_LocalEulerAnglesHint: {x: 0, y: 0, z: 0}
--- !u!4 &4037780733665352
Transform:
  m_ObjectHideFlags: 1
  m_CorrespondingSourceObject: {fileID: 0}
  m_PrefabInternal: {fileID: 100100000}
  m_GameObject: {fileID: 1183957610051042}
  m_LocalRotation: {x: -0.14314598, y: -0.7345746, z: 0.29028988, w: 0.5963566}
  m_LocalPosition: {x: 0.016525574, y: 0.09663555, z: -0.028669545}
  m_LocalScale: {x: 1.0000006, y: 1.0000004, z: 1.0000006}
  m_Children:
  - {fileID: 4457115049486212}
  m_Father: {fileID: 4491760910207508}
  m_RootOrder: 2
  m_LocalEulerAnglesHint: {x: 0, y: 0, z: 0}
--- !u!4 &4094671768653186
Transform:
  m_ObjectHideFlags: 1
  m_CorrespondingSourceObject: {fileID: 0}
  m_PrefabInternal: {fileID: 100100000}
  m_GameObject: {fileID: 1982148687184370}
  m_LocalRotation: {x: 0.000000013891081, y: 0.000000026952575, z: 0.34568208, w: 0.9383517}
  m_LocalPosition: {x: -0.024737587, y: 0, z: 0.000000009536743}
  m_LocalScale: {x: 1, y: 1, z: 0.9999998}
  m_Children: []
  m_Father: {fileID: 4652774340912560}
  m_RootOrder: 0
  m_LocalEulerAnglesHint: {x: 0, y: 0, z: 0}
--- !u!4 &4100262229555748
Transform:
  m_ObjectHideFlags: 1
  m_CorrespondingSourceObject: {fileID: 0}
  m_PrefabInternal: {fileID: 100100000}
  m_GameObject: {fileID: 1606520906547570}
  m_LocalRotation: {x: 0.000000111335275, y: -0.00000002320673, z: 0.33928558, w: 0.9406834}
  m_LocalPosition: {x: -0.050007172, y: 0, z: 0}
  m_LocalScale: {x: 1, y: 1.0000001, z: 1.0000002}
  m_Children:
  - {fileID: 4407800706613396}
  m_Father: {fileID: 4820789914941692}
  m_RootOrder: 0
  m_LocalEulerAnglesHint: {x: 0, y: 0, z: 0}
--- !u!4 &4110326140421276
Transform:
  m_ObjectHideFlags: 1
  m_CorrespondingSourceObject: {fileID: 0}
  m_PrefabInternal: {fileID: 100100000}
  m_GameObject: {fileID: 1954305640351750}
  m_LocalRotation: {x: -0.052320167, y: -0.19736741, z: 0.3874467, w: 0.898996}
  m_LocalPosition: {x: -0.1280545, y: -0.00034355163, z: -0.04040201}
  m_LocalScale: {x: 1.0000002, y: 1.0000001, z: 1}
  m_Children:
  - {fileID: 4652774340912560}
  m_Father: {fileID: 4125605199171956}
  m_RootOrder: 4
  m_LocalEulerAnglesHint: {x: 0, y: 0, z: 0}
--- !u!4 &4111856613080380
Transform:
  m_ObjectHideFlags: 1
  m_CorrespondingSourceObject: {fileID: 0}
  m_PrefabInternal: {fileID: 100100000}
  m_GameObject: {fileID: 1301327030606078}
  m_LocalRotation: {x: 0.0000000060060246, y: 0.00000004961784, z: 0.33649084, w: 0.94168675}
  m_LocalPosition: {x: -0.050007094, y: 0.000000038146972, z: 0}
  m_LocalScale: {x: 0.9999999, y: 0.99999994, z: 0.99999994}
  m_Children:
  - {fileID: 4649033326956240}
  m_Father: {fileID: 4665577501886612}
  m_RootOrder: 0
  m_LocalEulerAnglesHint: {x: 0, y: 0, z: 0}
--- !u!4 &4125605199171956
Transform:
  m_ObjectHideFlags: 1
  m_CorrespondingSourceObject: {fileID: 0}
  m_PrefabInternal: {fileID: 100100000}
  m_GameObject: {fileID: 1825533111913920}
  m_LocalRotation: {x: -0.73562163, y: 0.03331236, z: 0.032149322, w: 0.6758088}
  m_LocalPosition: {x: -0.23780341, y: -0.000000019073486, z: 0.000000038146972}
  m_LocalScale: {x: 0.9999999, y: 0.9999998, z: 0.9999999}
  m_Children:
  - {fileID: 4813392986567846}
  - {fileID: 4820789914941692}
  - {fileID: 4702652143816160}
  - {fileID: 4963232360361102}
  - {fileID: 4110326140421276}
  m_Father: {fileID: 4889746368176668}
  m_RootOrder: 0
  m_LocalEulerAnglesHint: {x: 0, y: 0, z: 0}
--- !u!4 &4127146826414306
Transform:
  m_ObjectHideFlags: 1
  m_CorrespondingSourceObject: {fileID: 0}
  m_PrefabInternal: {fileID: 100100000}
  m_GameObject: {fileID: 1328850034259764}
  m_LocalRotation: {x: 0.000000033527595, y: -0.000000013766616, z: 0.41880625, w: 0.90807563}
  m_LocalPosition: {x: -0.04621353, y: 0, z: 0}
  m_LocalScale: {x: 0.99999994, y: 1.0000001, z: 1.0000001}
  m_Children:
  - {fileID: 4135435824495422}
  m_Father: {fileID: 4770532363400518}
  m_RootOrder: 0
  m_LocalEulerAnglesHint: {x: 0, y: 0, z: 0}
--- !u!4 &4135435824495422
Transform:
  m_ObjectHideFlags: 1
  m_CorrespondingSourceObject: {fileID: 0}
  m_PrefabInternal: {fileID: 100100000}
  m_GameObject: {fileID: 1182977149103884}
  m_LocalRotation: {x: -0.000000005755223, y: 0.0000000072785036, z: 0.25314027, w: 0.9674296}
  m_LocalPosition: {x: -0.030682335, y: 0, z: 0.0000000023841857}
  m_LocalScale: {x: 1, y: 0.99999994, z: 0.9999999}
  m_Children: []
  m_Father: {fileID: 4127146826414306}
  m_RootOrder: 0
  m_LocalEulerAnglesHint: {x: 0, y: 0, z: 0}
--- !u!4 &4137923740628416
Transform:
  m_ObjectHideFlags: 1
  m_CorrespondingSourceObject: {fileID: 0}
  m_PrefabInternal: {fileID: 100100000}
  m_GameObject: {fileID: 1222984873953276}
  m_LocalRotation: {x: 0.14246073, y: 0.7347681, z: 0.29040933, w: 0.5962241}
  m_LocalPosition: {x: 0.016525421, y: 0.09663553, z: 0.028669553}
  m_LocalScale: {x: 1.0000004, y: 1.0000004, z: 1.0000008}
  m_Children:
  - {fileID: 4555498218267904}
  m_Father: {fileID: 4491760910207508}
  m_RootOrder: 0
  m_LocalEulerAnglesHint: {x: 0, y: 0, z: 0}
--- !u!4 &4232330412373120
Transform:
  m_ObjectHideFlags: 1
  m_CorrespondingSourceObject: {fileID: 0}
  m_PrefabInternal: {fileID: 100100000}
  m_GameObject: {fileID: 1638444808064602}
  m_LocalRotation: {x: 0.75342435, y: -0.027770866, z: 0.019489737, w: 0.65665877}
  m_LocalPosition: {x: -0.23780334, y: 0.000000019073486, z: 0}
  m_LocalScale: {x: 1.0000002, y: 1.0000001, z: 1}
  m_Children:
  - {fileID: 4636390519361062}
  - {fileID: 4665577501886612}
  - {fileID: 4253401876714164}
  - {fileID: 4770532363400518}
  - {fileID: 4725515586884990}
  m_Father: {fileID: 4675414466555170}
  m_RootOrder: 0
  m_LocalEulerAnglesHint: {x: 0, y: 0, z: 0}
--- !u!4 &4253401876714164
Transform:
  m_ObjectHideFlags: 1
  m_CorrespondingSourceObject: {fileID: 0}
  m_PrefabInternal: {fileID: 100100000}
  m_GameObject: {fileID: 1610456791718016}
  m_LocalRotation: {x: -0.0053651948, y: 0.028134631, z: 0.2242831, w: 0.9741031}
  m_LocalPosition: {x: -0.13903266, y: 0.00007995605, z: -0.012004623}
  m_LocalScale: {x: 1, y: 1.0000001, z: 1.0000001}
  m_Children:
  - {fileID: 4861885805849682}
  m_Father: {fileID: 4232330412373120}
  m_RootOrder: 2
  m_LocalEulerAnglesHint: {x: 0, y: 0, z: 0}
--- !u!4 &4274483196339770
Transform:
  m_ObjectHideFlags: 1
  m_CorrespondingSourceObject: {fileID: 0}
  m_PrefabInternal: {fileID: 100100000}
  m_GameObject: {fileID: 1275673717086470}
  m_LocalRotation: {x: -0.0021907398, y: -0.0011880412, z: 0.23149912, w: 0.97283196}
  m_LocalPosition: {x: -0.4530808, y: 0.000000028610229, z: 0}
  m_LocalScale: {x: 1.0000004, y: 1.0000004, z: 1.0000001}
  m_Children:
  - {fileID: 4491047193923626}
  m_Father: {fileID: 4718643864281464}
  m_RootOrder: 0
  m_LocalEulerAnglesHint: {x: 0, y: 0, z: 0}
--- !u!4 &4301349175667752
Transform:
  m_ObjectHideFlags: 1
  m_CorrespondingSourceObject: {fileID: 0}
  m_PrefabInternal: {fileID: 100100000}
  m_GameObject: {fileID: 1816082705992016}
  m_LocalRotation: {x: 0.0000000049188777, y: 0.000000009318099, z: 0.29522672, w: 0.9554272}
  m_LocalPosition: {x: -0.04025139, y: 0.000000038146972, z: -0.000000019073486}
  m_LocalScale: {x: 0.9999999, y: 0.9999998, z: 0.9999999}
  m_Children:
  - {fileID: 4472273830779182}
  - {fileID: 4793884371949000}
  - {fileID: 4642291946765446}
  m_Father: {fileID: 4725515586884990}
  m_RootOrder: 0
  m_LocalEulerAnglesHint: {x: 0, y: 0, z: 0}
--- !u!4 &4364351745431562
Transform:
  m_ObjectHideFlags: 1
  m_CorrespondingSourceObject: {fileID: 0}
  m_PrefabInternal: {fileID: 100100000}
  m_GameObject: {fileID: 1991912261363440}
  m_LocalRotation: {x: 0.000000059048805, y: 0.000000009857774, z: 0.2560117, w: 0.9666737}
  m_LocalPosition: {x: -0.030682372, y: -0.000000038146972, z: 0.000000019073486}
  m_LocalScale: {x: 1.0000002, y: 1.0000002, z: 1.0000001}
  m_Children: []
  m_Father: {fileID: 4518407418153692}
  m_RootOrder: 0
  m_LocalEulerAnglesHint: {x: 0, y: 0, z: 0}
--- !u!4 &4365298953593256
Transform:
  m_ObjectHideFlags: 1
  m_CorrespondingSourceObject: {fileID: 0}
  m_PrefabInternal: {fileID: 100100000}
  m_GameObject: {fileID: 1982173680993040}
  m_LocalRotation: {x: 0.0015166273, y: -0.00035584968, z: 0.22840245, w: 0.9735656}
  m_LocalPosition: {x: -0.45308074, y: 0.000000038146972, z: 0}
  m_LocalScale: {x: 1, y: 0.99999994, z: 0.99999994}
  m_Children:
  - {fileID: 4896085909068102}
  m_Father: {fileID: 4799265265309352}
  m_RootOrder: 0
  m_LocalEulerAnglesHint: {x: 0, y: 0, z: 0}
--- !u!4 &4368935899709686
Transform:
  m_ObjectHideFlags: 1
  m_CorrespondingSourceObject: {fileID: 0}
  m_PrefabInternal: {fileID: 100100000}
  m_GameObject: {fileID: 1115566312735248}
  m_LocalRotation: {x: 0, y: 0, z: 0, w: 1}
  m_LocalPosition: {x: 0, y: 0, z: 0}
  m_LocalScale: {x: 1, y: 1, z: 1}
  m_Children:
  - {fileID: 4786709281206268}
  - {fileID: 4649483992554838}
  - {fileID: 4458457741490156}
  m_Father: {fileID: 0}
  m_RootOrder: 0
  m_LocalEulerAnglesHint: {x: 0, y: 0, z: 0}
--- !u!4 &4387200791586202
Transform:
  m_ObjectHideFlags: 1
  m_CorrespondingSourceObject: {fileID: 0}
  m_PrefabInternal: {fileID: 100100000}
  m_GameObject: {fileID: 1510744179225338}
  m_LocalRotation: {x: 0.0000000061125394, y: -0.0000000043606625, z: 0.41867888,
    w: 0.9081344}
  m_LocalPosition: {x: -0.04621353, y: 0, z: 0}
  m_LocalScale: {x: 1, y: 1.0000001, z: 0.99999994}
  m_Children:
  - {fileID: 4528638687736100}
  m_Father: {fileID: 4642291946765446}
  m_RootOrder: 0
  m_LocalEulerAnglesHint: {x: 0, y: 0, z: 0}
--- !u!4 &4407800706613396
Transform:
  m_ObjectHideFlags: 1
  m_CorrespondingSourceObject: {fileID: 0}
  m_PrefabInternal: {fileID: 100100000}
  m_GameObject: {fileID: 1635897091994024}
  m_LocalRotation: {x: 0.0000000011777778, y: -0.0000000073569004, z: 0.15807867,
    w: 0.9874265}
  m_LocalPosition: {x: -0.039202116, y: 0, z: 0}
  m_LocalScale: {x: 1.0000001, y: 1.0000002, z: 1.0000001}
  m_Children: []
  m_Father: {fileID: 4100262229555748}
  m_RootOrder: 0
  m_LocalEulerAnglesHint: {x: 0, y: 0, z: 0}
--- !u!4 &4428010845570058
Transform:
  m_ObjectHideFlags: 1
  m_CorrespondingSourceObject: {fileID: 0}
  m_PrefabInternal: {fileID: 100100000}
  m_GameObject: {fileID: 1705717872036338}
  m_LocalRotation: {x: -0.0048219874, y: -0.00020029374, z: -0.15034962, w: 0.9886211}
  m_LocalPosition: {x: -0.04351303, y: -0.0033292102, z: -0.0000000080466265}
  m_LocalScale: {x: 1.0000002, y: 1.0000002, z: 1.0000001}
  m_Children:
  - {fileID: 4488045462130928}
  m_Father: {fileID: 4786709281206268}
  m_RootOrder: 2
  m_LocalEulerAnglesHint: {x: 0, y: 0, z: 0}
--- !u!4 &4435839303734240
Transform:
  m_ObjectHideFlags: 1
  m_CorrespondingSourceObject: {fileID: 0}
  m_PrefabInternal: {fileID: 100100000}
  m_GameObject: {fileID: 1941604521614236}
  m_LocalRotation: {x: 0.02153253, y: -0.0025520488, z: 0.110727124, w: 0.9936143}
  m_LocalPosition: {x: -0.10720154, y: 0, z: 0}
  m_LocalScale: {x: 1.0000004, y: 1.0000001, z: 1.0000004}
  m_Children:
  - {fileID: 4624771134466002}
  - {fileID: 4593459564854382}
  - {fileID: 4596836937331336}
  m_Father: {fileID: 4853491175997404}
  m_RootOrder: 0
  m_LocalEulerAnglesHint: {x: 0, y: 0, z: 0}
--- !u!4 &4439410920781348
Transform:
  m_ObjectHideFlags: 1
  m_CorrespondingSourceObject: {fileID: 0}
  m_PrefabInternal: {fileID: 100100000}
  m_GameObject: {fileID: 1260188429057760}
  m_LocalRotation: {x: -0.0021984533, y: -0.0063196933, z: 0.36264098, w: 0.9319049}
  m_LocalPosition: {x: -0.031966247, y: 0, z: 0}
  m_LocalScale: {x: 1.0000001, y: 1, z: 0.99999994}
  m_Children: []
  m_Father: {fileID: 4990231866967940}
  m_RootOrder: 0
  m_LocalEulerAnglesHint: {x: 0, y: 0, z: 0}
--- !u!4 &4441257045128716
Transform:
  m_ObjectHideFlags: 1
  m_CorrespondingSourceObject: {fileID: 0}
  m_PrefabInternal: {fileID: 100100000}
  m_GameObject: {fileID: 1543514392694552}
  m_LocalRotation: {x: -0.000000014419928, y: 0.000000042313914, z: 0.32256833, w: 0.9465462}
  m_LocalPosition: {x: -0.039202154, y: 0.000000076293944, z: 0.000000019073486}
  m_LocalScale: {x: 0.99999994, y: 1.0000001, z: 1}
  m_Children: []
  m_Father: {fileID: 4022020328113566}
  m_RootOrder: 0
  m_LocalEulerAnglesHint: {x: 0, y: 0, z: 0}
--- !u!4 &4457115049486212
Transform:
  m_ObjectHideFlags: 1
  m_CorrespondingSourceObject: {fileID: 0}
  m_PrefabInternal: {fileID: 100100000}
  m_GameObject: {fileID: 1953674954740634}
  m_LocalRotation: {x: -0.24410112, y: -0.46458384, z: -0.23763794, w: 0.81737673}
  m_LocalPosition: {x: -0.17987315, y: -0.000000009536743, z: 0}
  m_LocalScale: {x: 1, y: 0.99999976, z: 0.9999999}
  m_Children:
  - {fileID: 4675414466555170}
  m_Father: {fileID: 4037780733665352}
  m_RootOrder: 0
  m_LocalEulerAnglesHint: {x: 0, y: 0, z: 0}
--- !u!4 &4458457741490156
Transform:
  m_ObjectHideFlags: 1
  m_CorrespondingSourceObject: {fileID: 0}
  m_PrefabInternal: {fileID: 100100000}
  m_GameObject: {fileID: 1151465045661092}
  m_LocalRotation: {x: -0.7071068, y: 0, z: -0, w: 0.7071068}
  m_LocalPosition: {x: 0.00011413574, y: 0, z: 0}
  m_LocalScale: {x: 1, y: 0.9999998, z: 0.9999998}
  m_Children: []
  m_Father: {fileID: 4368935899709686}
  m_RootOrder: 2
  m_LocalEulerAnglesHint: {x: 0, y: 0, z: 0}
--- !u!4 &4472273830779182
Transform:
  m_ObjectHideFlags: 1
  m_CorrespondingSourceObject: {fileID: 0}
  m_PrefabInternal: {fileID: 100100000}
  m_GameObject: {fileID: 1050146746427680}
  m_LocalRotation: {x: -6.386901e-10, y: 0.0000000017497205, z: 0.34289417, w: 0.9393741}
  m_LocalPosition: {x: -0.024737587, y: -0.000000038146972, z: 0}
  m_LocalScale: {x: 1.0000001, y: 1.0000001, z: 1.0000002}
  m_Children: []
  m_Father: {fileID: 4301349175667752}
  m_RootOrder: 0
  m_LocalEulerAnglesHint: {x: 0, y: 0, z: 0}
--- !u!4 &4488045462130928
Transform:
  m_ObjectHideFlags: 1
  m_CorrespondingSourceObject: {fileID: 0}
  m_PrefabInternal: {fileID: 100100000}
  m_GameObject: {fileID: 1384890879515430}
  m_LocalRotation: {x: -0.024105104, y: -0.0029365881, z: 0.1372815, w: 0.9902344}
  m_LocalPosition: {x: -0.18115357, y: 0, z: 0}
  m_LocalScale: {x: 1.0000001, y: 1.0000005, z: 0.9999994}
  m_Children:
  - {fileID: 4632666347365006}
  m_Father: {fileID: 4428010845570058}
  m_RootOrder: 0
  m_LocalEulerAnglesHint: {x: 0, y: 0, z: 0}
--- !u!4 &4491047193923626
Transform:
  m_ObjectHideFlags: 1
  m_CorrespondingSourceObject: {fileID: 0}
  m_PrefabInternal: {fileID: 100100000}
  m_GameObject: {fileID: 1719082467657968}
  m_LocalRotation: {x: 0.15164095, y: -0.012541351, z: -0.6643395, w: 0.7317792}
  m_LocalPosition: {x: -0.429955, y: 0, z: 0}
  m_LocalScale: {x: 0.9999999, y: 0.9999999, z: 0.9999999}
  m_Children:
  - {fileID: 4892851545062564}
  m_Father: {fileID: 4274483196339770}
  m_RootOrder: 0
  m_LocalEulerAnglesHint: {x: 0, y: 0, z: 0}
--- !u!4 &4491760910207508
Transform:
  m_ObjectHideFlags: 1
  m_CorrespondingSourceObject: {fileID: 0}
  m_PrefabInternal: {fileID: 100100000}
  m_GameObject: {fileID: 1065298325746814}
  m_LocalRotation: {x: -0.0039456147, y: 0.0014888656, z: -0.104362704, w: 0.9945304}
  m_LocalPosition: {x: -0.1658348, y: 0.0000000047683715, z: 5.9604643e-10}
  m_LocalScale: {x: 0.9999995, y: 0.9999997, z: 1}
  m_Children:
  - {fileID: 4137923740628416}
  - {fileID: 4853491175997404}
  - {fileID: 4037780733665352}
  - {fileID: 4815109978193072}
  - {fileID: 4868988210401710}
  m_Father: {fileID: 4632666347365006}
  m_RootOrder: 0
  m_LocalEulerAnglesHint: {x: 0, y: 0, z: 0}
--- !u!4 &4518407418153692
Transform:
  m_ObjectHideFlags: 1
  m_CorrespondingSourceObject: {fileID: 0}
  m_PrefabInternal: {fileID: 100100000}
  m_GameObject: {fileID: 1907976179069348}
  m_LocalRotation: {x: 3.0956077e-10, y: -0.000000018342316, z: 0.42150068, w: 0.9068281}
  m_LocalPosition: {x: -0.04621361, y: 0, z: -0.000000009536743}
  m_LocalScale: {x: 0.9999999, y: 1, z: 1}
  m_Children:
  - {fileID: 4364351745431562}
  m_Father: {fileID: 4963232360361102}
  m_RootOrder: 0
  m_LocalEulerAnglesHint: {x: 0, y: 0, z: 0}
--- !u!4 &4528638687736100
Transform:
  m_ObjectHideFlags: 1
  m_CorrespondingSourceObject: {fileID: 0}
  m_PrefabInternal: {fileID: 100100000}
  m_GameObject: {fileID: 1685018580659110}
  m_LocalRotation: {x: 0.0000000050178612, y: -0.000000004463617, z: 0.2530045, w: 0.9674651}
  m_LocalPosition: {x: -0.030682372, y: 0, z: 0}
  m_LocalScale: {x: 1.0000001, y: 1, z: 0.99999994}
  m_Children: []
  m_Father: {fileID: 4387200791586202}
  m_RootOrder: 0
  m_LocalEulerAnglesHint: {x: 0, y: 0, z: 0}
--- !u!4 &4555498218267904
Transform:
  m_ObjectHideFlags: 1
  m_CorrespondingSourceObject: {fileID: 0}
  m_PrefabInternal: {fileID: 100100000}
  m_GameObject: {fileID: 1922239293742646}
  m_LocalRotation: {x: 0.1963902, y: 0.46456072, z: -0.20633237, w: 0.8384755}
  m_LocalPosition: {x: -0.1798732, y: 0, z: 0}
  m_LocalScale: {x: 0.99999994, y: 0.9999998, z: 1.0000001}
  m_Children:
  - {fileID: 4889746368176668}
  m_Father: {fileID: 4137923740628416}
  m_RootOrder: 0
  m_LocalEulerAnglesHint: {x: 0, y: 0, z: 0}
--- !u!4 &4570973139034396
Transform:
  m_ObjectHideFlags: 1
  m_CorrespondingSourceObject: {fileID: 0}
  m_PrefabInternal: {fileID: 100100000}
  m_GameObject: {fileID: 1911177082216638}
  m_LocalRotation: {x: 0.000000012495707, y: 0.000000011018764, z: 0.25613633, w: 0.9666407}
  m_LocalPosition: {x: -0.030682335, y: 0.000000038146972, z: 0}
  m_LocalScale: {x: 1, y: 0.99999994, z: 1}
  m_Children: []
  m_Father: {fileID: 4771412176274524}
  m_RootOrder: 0
  m_LocalEulerAnglesHint: {x: 0, y: 0, z: 0}
--- !u!4 &4593459564854382
Transform:
  m_ObjectHideFlags: 1
  m_CorrespondingSourceObject: {fileID: 0}
  m_PrefabInternal: {fileID: 100100000}
  m_GameObject: {fileID: 1646933157695602}
  m_LocalRotation: {x: -0.6736263, y: 0.73907214, z: -0.00000080573534, w: 0.00000041956895}
  m_LocalPosition: {x: -0.0974884, y: 0.028021373, z: 0.00000065952537}
  m_LocalScale: {x: 1.0000012, y: 1.0000006, z: 0.9999998}
  m_Children: []
  m_Father: {fileID: 4435839303734240}
  m_RootOrder: 1
  m_LocalEulerAnglesHint: {x: 0, y: 0, z: 0}
--- !u!4 &4596836937331336
Transform:
  m_ObjectHideFlags: 1
  m_CorrespondingSourceObject: {fileID: 0}
  m_PrefabInternal: {fileID: 100100000}
  m_GameObject: {fileID: 1356776703441806}
  m_LocalRotation: {x: -0.5308849, y: 0.847444, z: -0.00000073793393, w: 0.0000002516059}
  m_LocalPosition: {x: -0.010716857, y: 0.04971554, z: 0.0000011071562}
  m_LocalScale: {x: 0.99999964, y: 1.0000002, z: 0.99999994}
  m_Children: []
  m_Father: {fileID: 4435839303734240}
  m_RootOrder: 2
  m_LocalEulerAnglesHint: {x: 0, y: 0, z: 0}
--- !u!4 &4624771134466002
Transform:
  m_ObjectHideFlags: 1
  m_CorrespondingSourceObject: {fileID: 0}
  m_PrefabInternal: {fileID: 100100000}
  m_GameObject: {fileID: 1644743692703670}
  m_LocalRotation: {x: 7.329453e-12, y: -2.0768319e-10, z: 0.9619128, w: 0.27335647}
  m_LocalPosition: {x: -0.116147764, y: -0.027944207, z: 0.000000005066395}
  m_LocalScale: {x: 1, y: 1.0000001, z: 1}
  m_Children:
  - {fileID: 4945562878251634}
  m_Father: {fileID: 4435839303734240}
  m_RootOrder: 0
  m_LocalEulerAnglesHint: {x: 0, y: 0, z: 0}
--- !u!4 &4632666347365006
Transform:
  m_ObjectHideFlags: 1
  m_CorrespondingSourceObject: {fileID: 0}
  m_PrefabInternal: {fileID: 100100000}
  m_GameObject: {fileID: 1111075050810402}
  m_LocalRotation: {x: -0.022221709, y: 0.0032503502, z: 0.0426685, w: 0.9988369}
  m_LocalPosition: {x: -0.15431876, y: 0, z: -1.4901161e-10}
  m_LocalScale: {x: 0.9999999, y: 1.0000002, z: 1}
  m_Children:
  - {fileID: 4491760910207508}
  m_Father: {fileID: 4488045462130928}
  m_RootOrder: 0
  m_LocalEulerAnglesHint: {x: 0, y: 0, z: 0}
--- !u!4 &4636390519361062
Transform:
  m_ObjectHideFlags: 1
  m_CorrespondingSourceObject: {fileID: 0}
  m_PrefabInternal: {fileID: 100100000}
  m_GameObject: {fileID: 1250889889338286}
  m_LocalRotation: {x: -0.44199374, y: -0.49930772, z: -0.12836081, w: 0.7340687}
  m_LocalPosition: {x: -0.037357252, y: 0.000597496, z: -0.020652542}
  m_LocalScale: {x: 1.0000001, y: 1, z: 1}
  m_Children:
  - {fileID: 4910440909648000}
  m_Father: {fileID: 4232330412373120}
  m_RootOrder: 0
  m_LocalEulerAnglesHint: {x: 0, y: 0, z: 0}
--- !u!4 &4638350368217268
Transform:
  m_ObjectHideFlags: 1
  m_CorrespondingSourceObject: {fileID: 0}
  m_PrefabInternal: {fileID: 100100000}
  m_GameObject: {fileID: 1875121847866384}
  m_LocalRotation: {x: 0.0000000054149543, y: -0.000000003972541, z: 0.3427624, w: 0.93942213}
  m_LocalPosition: {x: -0.024737587, y: 0.000000076293944, z: 0}
  m_LocalScale: {x: 1, y: 1.0000001, z: 1}
  m_Children: []
  m_Father: {fileID: 4006759259120936}
  m_RootOrder: 0
  m_LocalEulerAnglesHint: {x: 0, y: 0, z: 0}
--- !u!4 &4642291946765446
Transform:
  m_ObjectHideFlags: 1
  m_CorrespondingSourceObject: {fileID: 0}
  m_PrefabInternal: {fileID: 100100000}
  m_GameObject: {fileID: 1640776270630852}
  m_LocalRotation: {x: 0.023937479, y: 0.109802686, z: 0.30447677, w: 0.94586694}
  m_LocalPosition: {x: -0.13618095, y: -0.0024715043, z: 0.014645843}
  m_LocalScale: {x: 0.99999994, y: 0.9999999, z: 1}
  m_Children:
  - {fileID: 4387200791586202}
  m_Father: {fileID: 4301349175667752}
  m_RootOrder: 2
  m_LocalEulerAnglesHint: {x: 0, y: 0, z: 0}
--- !u!4 &4649033326956240
Transform:
  m_ObjectHideFlags: 1
  m_CorrespondingSourceObject: {fileID: 0}
  m_PrefabInternal: {fileID: 100100000}
  m_GameObject: {fileID: 1755690658517776}
  m_LocalRotation: {x: 0.000000041425547, y: -0.000000023661833, z: 0.15514588, w: 0.9878916}
  m_LocalPosition: {x: -0.039202195, y: -0.000000019073486, z: 0.000000019073486}
  m_LocalScale: {x: 0.9999999, y: 0.99999976, z: 0.9999999}
  m_Children: []
  m_Father: {fileID: 4111856613080380}
  m_RootOrder: 0
  m_LocalEulerAnglesHint: {x: 0, y: 0, z: 0}
--- !u!4 &4649483992554838
Transform:
  m_ObjectHideFlags: 1
  m_CorrespondingSourceObject: {fileID: 0}
  m_PrefabInternal: {fileID: 100100000}
  m_GameObject: {fileID: 1303294403122632}
  m_LocalRotation: {x: -0.7071068, y: 0, z: -0, w: 0.7071068}
  m_LocalPosition: {x: 0.00011413574, y: 0, z: 0}
  m_LocalScale: {x: 1, y: 0.9999998, z: 0.9999998}
  m_Children: []
  m_Father: {fileID: 4368935899709686}
  m_RootOrder: 1
  m_LocalEulerAnglesHint: {x: 0, y: 0, z: 0}
--- !u!4 &4652774340912560
Transform:
  m_ObjectHideFlags: 1
  m_CorrespondingSourceObject: {fileID: 0}
  m_PrefabInternal: {fileID: 100100000}
  m_GameObject: {fileID: 1108326132390130}
  m_LocalRotation: {x: 0.00000009633436, y: -0.000000014799899, z: 0.29806235, w: 0.95454645}
  m_LocalPosition: {x: -0.04025131, y: 0.000000038146972, z: 0}
  m_LocalScale: {x: 1.0000001, y: 1, z: 1.0000002}
  m_Children:
  - {fileID: 4094671768653186}
  m_Father: {fileID: 4110326140421276}
  m_RootOrder: 0
  m_LocalEulerAnglesHint: {x: 0, y: 0, z: 0}
--- !u!4 &4665577501886612
Transform:
  m_ObjectHideFlags: 1
  m_CorrespondingSourceObject: {fileID: 0}
  m_PrefabInternal: {fileID: 100100000}
  m_GameObject: {fileID: 1145261184945752}
  m_LocalRotation: {x: -0.018302688, y: -0.0393177, z: 0.14169033, w: 0.98896056}
  m_LocalPosition: {x: -0.13900109, y: 0.00008411407, z: -0.04269745}
  m_LocalScale: {x: 1.0000001, y: 1.0000001, z: 1.0000001}
  m_Children:
  - {fileID: 4111856613080380}
  m_Father: {fileID: 4232330412373120}
  m_RootOrder: 1
  m_LocalEulerAnglesHint: {x: 0, y: 0, z: 0}
--- !u!4 &4671662965469372
Transform:
  m_ObjectHideFlags: 1
  m_CorrespondingSourceObject: {fileID: 0}
  m_PrefabInternal: {fileID: 100100000}
  m_GameObject: {fileID: 1646129888248332}
  m_LocalRotation: {x: 0, y: 0, z: 0.2981854, w: 0.954508}
  m_LocalPosition: {x: -0.04025139, y: -0.000000019073486, z: 0}
  m_LocalScale: {x: 1, y: 0.9999999, z: 0.99999994}
  m_Children:
  - {fileID: 4709967310471182}
  m_Father: {fileID: 4815109978193072}
  m_RootOrder: 0
  m_LocalEulerAnglesHint: {x: 0, y: 0, z: 0}
--- !u!4 &4675414466555170
Transform:
  m_ObjectHideFlags: 1
  m_CorrespondingSourceObject: {fileID: 0}
  m_PrefabInternal: {fileID: 100100000}
  m_GameObject: {fileID: 1185197713740326}
  m_LocalRotation: {x: -0.08072339, y: -0.024400853, z: -0.1452205, w: 0.98579884}
  m_LocalPosition: {x: -0.25916457, y: 0.000000009536743, z: 0}
  m_LocalScale: {x: 0.9999998, y: 1.0000001, z: 1}
  m_Children:
  - {fileID: 4232330412373120}
  m_Father: {fileID: 4457115049486212}
  m_RootOrder: 0
  m_LocalEulerAnglesHint: {x: 0, y: 0, z: 0}
--- !u!4 &4702652143816160
Transform:
  m_ObjectHideFlags: 1
  m_CorrespondingSourceObject: {fileID: 0}
  m_PrefabInternal: {fileID: 100100000}
  m_GameObject: {fileID: 1017158767087870}
  m_LocalRotation: {x: 0.0054408256, y: -0.028039753, z: 0.22717966, w: 0.9734339}
  m_LocalPosition: {x: -0.13903244, y: 0.000079841615, z: 0.0120047}
  m_LocalScale: {x: 1.0000001, y: 1, z: 0.99999994}
  m_Children:
  - {fileID: 4990231866967940}
  m_Father: {fileID: 4125605199171956}
  m_RootOrder: 2
  m_LocalEulerAnglesHint: {x: 0, y: 0, z: 0}
--- !u!4 &4709967310471182
Transform:
  m_ObjectHideFlags: 1
  m_CorrespondingSourceObject: {fileID: 0}
  m_PrefabInternal: {fileID: 100100000}
  m_GameObject: {fileID: 1330661294012462}
  m_LocalRotation: {x: -0.0000000012882164, y: 0.000000003495467, z: 0.34580293, w: 0.93830717}
  m_LocalPosition: {x: -0.024737548, y: -0.000000038146972, z: 0}
  m_LocalScale: {x: 0.9999999, y: 0.9999999, z: 1}
  m_Children: []
  m_Father: {fileID: 4671662965469372}
  m_RootOrder: 0
  m_LocalEulerAnglesHint: {x: 0, y: 0, z: 0}
--- !u!4 &4718643864281464
Transform:
  m_ObjectHideFlags: 1
  m_CorrespondingSourceObject: {fileID: 0}
  m_PrefabInternal: {fileID: 100100000}
  m_GameObject: {fileID: 1098948865851866}
  m_LocalRotation: {x: -0.057898875, y: 0.993639, z: -0.07930958, w: -0.055129647}
  m_LocalPosition: {x: -0.016391601, y: 0.04469363, z: -0.07012064}
  m_LocalScale: {x: 1.0000004, y: 1.0000004, z: 0.99999994}
  m_Children:
  - {fileID: 4274483196339770}
  m_Father: {fileID: 4786709281206268}
  m_RootOrder: 1
  m_LocalEulerAnglesHint: {x: 0, y: 0, z: 0}
--- !u!4 &4721419761489090
Transform:
  m_ObjectHideFlags: 1
  m_CorrespondingSourceObject: {fileID: 0}
  m_PrefabInternal: {fileID: 100100000}
  m_GameObject: {fileID: 1217647792724064}
  m_LocalRotation: {x: -0.080789216, y: 0.08346897, z: -0.21172243, w: 0.9704018}
  m_LocalPosition: {x: -0.2198584, y: 0.009816236, z: 0.0000016021728}
  m_LocalScale: {x: 1.0000002, y: 1.0000002, z: 1.0000001}
  m_Children: []
  m_Father: {fileID: 4896085909068102}
  m_RootOrder: 0
  m_LocalEulerAnglesHint: {x: 0, y: 0, z: 0}
--- !u!4 &4725515586884990
Transform:
  m_ObjectHideFlags: 1
  m_CorrespondingSourceObject: {fileID: 0}
  m_PrefabInternal: {fileID: 100100000}
  m_GameObject: {fileID: 1127993419992488}
  m_LocalRotation: {x: 0.051333133, y: 0.19711804, z: 0.38487494, w: 0.90021145}
  m_LocalPosition: {x: -0.12805457, y: -0.00034351347, z: 0.040402163}
  m_LocalScale: {x: 1.0000001, y: 1, z: 1.0000001}
  m_Children:
  - {fileID: 4301349175667752}
  m_Father: {fileID: 4232330412373120}
  m_RootOrder: 4
  m_LocalEulerAnglesHint: {x: 0, y: 0, z: 0}
--- !u!4 &4740627613493872
Transform:
  m_ObjectHideFlags: 1
  m_CorrespondingSourceObject: {fileID: 0}
  m_PrefabInternal: {fileID: 100100000}
  m_GameObject: {fileID: 1311892410781082}
  m_LocalRotation: {x: 0.0021797093, y: 0.0063262023, z: 0.35987204, w: 0.9329777}
  m_LocalPosition: {x: -0.031966172, y: -0.000000038146972, z: -0.000000009536743}
  m_LocalScale: {x: 0.99999994, y: 0.9999999, z: 0.99999994}
  m_Children: []
  m_Father: {fileID: 4861885805849682}
  m_RootOrder: 0
  m_LocalEulerAnglesHint: {x: 0, y: 0, z: 0}
--- !u!4 &4752470422076836
Transform:
  m_ObjectHideFlags: 1
  m_CorrespondingSourceObject: {fileID: 0}
  m_PrefabInternal: {fileID: 100100000}
  m_GameObject: {fileID: 1122813668760484}
  m_LocalRotation: {x: -3.3662773e-10, y: -6.905316e-11, z: 0.1887579, w: 0.98202366}
  m_LocalPosition: {x: -0.1652095, y: 0, z: 2.9802322e-10}
  m_LocalScale: {x: 1, y: 0.99999994, z: 0.99999994}
  m_Children: []
  m_Father: {fileID: 4945562878251634}
  m_RootOrder: 0
  m_LocalEulerAnglesHint: {x: 0, y: 0, z: 0}
--- !u!4 &4770532363400518
Transform:
  m_ObjectHideFlags: 1
  m_CorrespondingSourceObject: {fileID: 0}
  m_PrefabInternal: {fileID: 100100000}
  m_GameObject: {fileID: 1326212226457276}
  m_LocalRotation: {x: 0.023961492, y: 0.10980445, z: 0.30460843, w: 0.9458237}
  m_LocalPosition: {x: -0.13618088, y: -0.002471466, z: 0.014645681}
  m_LocalScale: {x: 1, y: 1, z: 1.0000001}
  m_Children:
  - {fileID: 4127146826414306}
  m_Father: {fileID: 4232330412373120}
  m_RootOrder: 3
  m_LocalEulerAnglesHint: {x: 0, y: 0, z: 0}
--- !u!4 &4771412176274524
Transform:
  m_ObjectHideFlags: 1
  m_CorrespondingSourceObject: {fileID: 0}
  m_PrefabInternal: {fileID: 100100000}
  m_GameObject: {fileID: 1645177813474402}
  m_LocalRotation: {x: 0.000000007229388, y: 0.000000019794568, z: 0.4216176, w: 0.90677375}
  m_LocalPosition: {x: -0.04621353, y: 0, z: 0}
  m_LocalScale: {x: 1.0000002, y: 1.0000002, z: 1.0000001}
  m_Children:
  - {fileID: 4570973139034396}
  m_Father: {fileID: 4868988210401710}
  m_RootOrder: 0
  m_LocalEulerAnglesHint: {x: 0, y: 0, z: 0}
--- !u!4 &4786709281206268
Transform:
  m_ObjectHideFlags: 1
  m_CorrespondingSourceObject: {fileID: 0}
  m_PrefabInternal: {fileID: 100100000}
  m_GameObject: {fileID: 1810386673724638}
  m_LocalRotation: {x: -0.50660855, y: 0.5083795, z: 0.49153128, w: -0.49324962}
  m_LocalPosition: {x: 0.000000034744314, y: 0.929444, z: -0.05599629}
  m_LocalScale: {x: 0.9999996, y: 0.99999964, z: 1}
  m_Children:
  - {fileID: 4799265265309352}
  - {fileID: 4718643864281464}
  - {fileID: 4428010845570058}
  m_Father: {fileID: 4368935899709686}
  m_RootOrder: 0
  m_LocalEulerAnglesHint: {x: 0, y: 0, z: 0}
--- !u!4 &4793884371949000
Transform:
  m_ObjectHideFlags: 1
  m_CorrespondingSourceObject: {fileID: 0}
  m_PrefabInternal: {fileID: 100100000}
  m_GameObject: {fileID: 1741178761207972}
  m_LocalRotation: {x: 0.051281583, y: 0.1971078, z: 0.38475415, w: 0.90026826}
  m_LocalPosition: {x: -0.1280545, y: -0.00034347535, z: 0.04040207}
  m_LocalScale: {x: 0.9999998, y: 0.99999994, z: 0.9999999}
  m_Children:
  - {fileID: 4006759259120936}
  m_Father: {fileID: 4301349175667752}
  m_RootOrder: 1
  m_LocalEulerAnglesHint: {x: 0, y: 0, z: 0}
--- !u!4 &4797701939398658
Transform:
  m_ObjectHideFlags: 1
  m_CorrespondingSourceObject: {fileID: 0}
  m_PrefabInternal: {fileID: 100100000}
  m_GameObject: {fileID: 1533128752729302}
  m_LocalRotation: {x: 0.000000019413417, y: 0.0000000065515144, z: 0.31975615, w: 0.9474999}
  m_LocalPosition: {x: -0.039202195, y: 0, z: 0}
  m_LocalScale: {x: 0.99999994, y: 1, z: 1}
  m_Children: []
  m_Father: {fileID: 4910440909648000}
  m_RootOrder: 0
  m_LocalEulerAnglesHint: {x: 0, y: 0, z: 0}
--- !u!4 &4799265265309352
Transform:
  m_ObjectHideFlags: 1
  m_CorrespondingSourceObject: {fileID: 0}
  m_PrefabInternal: {fileID: 100100000}
  m_GameObject: {fileID: 1446215100612192}
  m_LocalRotation: {x: -0.05811748, y: 0.9956016, z: 0.047393773, w: 0.056157254}
  m_LocalPosition: {x: -0.016391678, y: 0.044693623, z: 0.07012064}
  m_LocalScale: {x: 1.0000002, y: 1.0000004, z: 1}
  m_Children:
  - {fileID: 4365298953593256}
  m_Father: {fileID: 4786709281206268}
  m_RootOrder: 0
  m_LocalEulerAnglesHint: {x: 0, y: 0, z: 0}
--- !u!4 &4813392986567846
Transform:
  m_ObjectHideFlags: 1
  m_CorrespondingSourceObject: {fileID: 0}
  m_PrefabInternal: {fileID: 100100000}
  m_GameObject: {fileID: 1292290358022442}
  m_LocalRotation: {x: 0.47864905, y: 0.46490854, z: -0.07266725, w: 0.74126554}
  m_LocalPosition: {x: -0.037357178, y: 0.0005975342, z: 0.020652732}
  m_LocalScale: {x: 1, y: 1.0000001, z: 0.99999994}
  m_Children:
  - {fileID: 4022020328113566}
  m_Father: {fileID: 4125605199171956}
  m_RootOrder: 0
  m_LocalEulerAnglesHint: {x: 0, y: 0, z: 0}
--- !u!4 &4815109978193072
Transform:
  m_ObjectHideFlags: 1
  m_CorrespondingSourceObject: {fileID: 0}
  m_PrefabInternal: {fileID: 100100000}
  m_GameObject: {fileID: 1508574704125314}
  m_LocalRotation: {x: -0.05236719, y: -0.1973771, z: 0.3875572, w: 0.8989435}
  m_LocalPosition: {x: -0.12805462, y: -0.00034351347, z: -0.040402144}
  m_LocalScale: {x: 1, y: 1.0000001, z: 1}
  m_Children:
  - {fileID: 4671662965469372}
  m_Father: {fileID: 4491760910207508}
  m_RootOrder: 3
  m_LocalEulerAnglesHint: {x: 0, y: 0, z: 0}
--- !u!4 &4820789914941692
Transform:
  m_ObjectHideFlags: 1
  m_CorrespondingSourceObject: {fileID: 0}
  m_PrefabInternal: {fileID: 100100000}
  m_GameObject: {fileID: 1596596834710332}
  m_LocalRotation: {x: 0.0189227, y: 0.03955367, z: 0.14460471, w: 0.9885175}
  m_LocalPosition: {x: -0.13900109, y: 0.000084075924, z: 0.042697523}
  m_LocalScale: {x: 1.0000001, y: 1, z: 0.99999994}
  m_Children:
  - {fileID: 4100262229555748}
  m_Father: {fileID: 4125605199171956}
  m_RootOrder: 1
  m_LocalEulerAnglesHint: {x: 0, y: 0, z: 0}
--- !u!4 &4853491175997404
Transform:
  m_ObjectHideFlags: 1
  m_CorrespondingSourceObject: {fileID: 0}
  m_PrefabInternal: {fileID: 100100000}
  m_GameObject: {fileID: 1320865375417482}
  m_LocalRotation: {x: 0.021769343, y: 0.0030320396, z: -0.0375549, w: 0.9990528}
  m_LocalPosition: {x: -0.036912687, y: -0.012299518, z: -0.0000000047683715}
  m_LocalScale: {x: 1.0000004, y: 1, z: 1.0000004}
  m_Children:
  - {fileID: 4435839303734240}
  m_Father: {fileID: 4491760910207508}
  m_RootOrder: 1
  m_LocalEulerAnglesHint: {x: 0, y: 0, z: 0}
--- !u!4 &4861885805849682
Transform:
  m_ObjectHideFlags: 1
  m_CorrespondingSourceObject: {fileID: 0}
  m_PrefabInternal: {fileID: 100100000}
  m_GameObject: {fileID: 1226316613602370}
  m_LocalRotation: {x: 0.0023085147, y: 0.0009446565, z: 0.30070654, w: 0.9537135}
  m_LocalPosition: {x: -0.04827713, y: -0.000000019073486, z: 0.000000009536743}
  m_LocalScale: {x: 1, y: 1, z: 1}
  m_Children:
  - {fileID: 4740627613493872}
  m_Father: {fileID: 4253401876714164}
  m_RootOrder: 0
  m_LocalEulerAnglesHint: {x: 0, y: 0, z: 0}
--- !u!4 &4868988210401710
Transform:
  m_ObjectHideFlags: 1
  m_CorrespondingSourceObject: {fileID: 0}
  m_PrefabInternal: {fileID: 100100000}
  m_GameObject: {fileID: 1261180196459762}
  m_LocalRotation: {x: -0.024457578, y: -0.10985752, z: 0.30751777, w: 0.94486296}
  m_LocalPosition: {x: -0.13618095, y: -0.0024715804, z: -0.014645843}
  m_LocalScale: {x: 1.0000001, y: 1, z: 1}
  m_Children:
  - {fileID: 4771412176274524}
  m_Father: {fileID: 4491760910207508}
  m_RootOrder: 4
  m_LocalEulerAnglesHint: {x: 0, y: 0, z: 0}
--- !u!4 &4889746368176668
Transform:
  m_ObjectHideFlags: 1
  m_CorrespondingSourceObject: {fileID: 0}
  m_PrefabInternal: {fileID: 100100000}
  m_GameObject: {fileID: 1240991620899388}
  m_LocalRotation: {x: 0.07864258, y: 0.030446552, z: -0.21949174, w: 0.9719628}
  m_LocalPosition: {x: -0.25916442, y: 0, z: -0.000000076293944}
  m_LocalScale: {x: 1.0000001, y: 1.0000001, z: 1.0000001}
  m_Children:
  - {fileID: 4125605199171956}
  m_Father: {fileID: 4555498218267904}
  m_RootOrder: 0
  m_LocalEulerAnglesHint: {x: 0, y: 0, z: 0}
--- !u!4 &4892851545062564
Transform:
  m_ObjectHideFlags: 1
  m_CorrespondingSourceObject: {fileID: 0}
  m_PrefabInternal: {fileID: 100100000}
  m_GameObject: {fileID: 1496841406933916}
  m_LocalRotation: {x: -0.000000020942128, y: 0.000000025888893, z: -0.21775568, w: 0.97600335}
  m_LocalPosition: {x: -0.2198584, y: 0.009816236, z: -0.0000016403197}
  m_LocalScale: {x: 0.9999999, y: 0.9999998, z: 0.9999998}
  m_Children: []
  m_Father: {fileID: 4491047193923626}
  m_RootOrder: 0
  m_LocalEulerAnglesHint: {x: 0, y: 0, z: 0}
--- !u!4 &4896085909068102
Transform:
  m_ObjectHideFlags: 1
  m_CorrespondingSourceObject: {fileID: 0}
  m_PrefabInternal: {fileID: 100100000}
  m_GameObject: {fileID: 1140141128991114}
  m_LocalRotation: {x: 0.000000030559704, y: -0.0000000052097, z: -0.6744285, w: 0.73834014}
  m_LocalPosition: {x: -0.42995358, y: -0.000000019073486, z: 0}
  m_LocalScale: {x: 1, y: 1.0000002, z: 1.0000002}
  m_Children:
  - {fileID: 4721419761489090}
  m_Father: {fileID: 4365298953593256}
  m_RootOrder: 0
  m_LocalEulerAnglesHint: {x: 0, y: 0, z: 0}
--- !u!4 &4910440909648000
Transform:
  m_ObjectHideFlags: 1
  m_CorrespondingSourceObject: {fileID: 0}
  m_PrefabInternal: {fileID: 100100000}
  m_GameObject: {fileID: 1178316688766058}
  m_LocalRotation: {x: 0.011323607, y: -0.017275935, z: 0.20533597, w: 0.97847354}
  m_LocalPosition: {x: -0.059408758, y: 0, z: 0}
  m_LocalScale: {x: 1, y: 0.99999994, z: 0.9999999}
  m_Children:
  - {fileID: 4797701939398658}
  m_Father: {fileID: 4636390519361062}
  m_RootOrder: 0
  m_LocalEulerAnglesHint: {x: 0, y: 0, z: 0}
--- !u!4 &4945562878251634
Transform:
  m_ObjectHideFlags: 1
  m_CorrespondingSourceObject: {fileID: 0}
  m_PrefabInternal: {fileID: 100100000}
  m_GameObject: {fileID: 1109902078617708}
  m_LocalRotation: {x: -2.8018868e-10, y: -1.7676074e-10, z: 0.12165651, w: 0.99257225}
  m_LocalPosition: {x: -0.1465692, y: 0, z: 0}
  m_LocalScale: {x: 1, y: 1, z: 1}
  m_Children:
  - {fileID: 4752470422076836}
  m_Father: {fileID: 4624771134466002}
  m_RootOrder: 0
  m_LocalEulerAnglesHint: {x: 0, y: 0, z: 0}
--- !u!4 &4963232360361102
Transform:
  m_ObjectHideFlags: 1
  m_CorrespondingSourceObject: {fileID: 0}
  m_PrefabInternal: {fileID: 100100000}
  m_GameObject: {fileID: 1136788801850060}
  m_LocalRotation: {x: -0.024435602, y: -0.109855816, z: 0.30739722, w: 0.94490296}
  m_LocalPosition: {x: -0.13618103, y: -0.0024715043, z: -0.014645862}
  m_LocalScale: {x: 1.0000001, y: 1.0000001, z: 0.99999994}
  m_Children:
  - {fileID: 4518407418153692}
  m_Father: {fileID: 4125605199171956}
  m_RootOrder: 3
  m_LocalEulerAnglesHint: {x: 0, y: 0, z: 0}
--- !u!4 &4990231866967940
Transform:
  m_ObjectHideFlags: 1
  m_CorrespondingSourceObject: {fileID: 0}
  m_PrefabInternal: {fileID: 100100000}
  m_GameObject: {fileID: 1110642815345542}
  m_LocalRotation: {x: -0.0023112476, y: -0.00093776133, z: 0.3035374, w: 0.95281625}
  m_LocalPosition: {x: -0.04827713, y: -0.000000057220458, z: 0}
  m_LocalScale: {x: 1.0000001, y: 1, z: 1.0000001}
  m_Children:
  - {fileID: 4439410920781348}
  m_Father: {fileID: 4702652143816160}
  m_RootOrder: 0
  m_LocalEulerAnglesHint: {x: 0, y: 0, z: 0}
--- !u!95 &95011979774671720
Animator:
  serializedVersion: 3
  m_ObjectHideFlags: 1
  m_CorrespondingSourceObject: {fileID: 0}
  m_PrefabInternal: {fileID: 100100000}
  m_GameObject: {fileID: 1115566312735248}
  m_Enabled: 1
  m_Avatar: {fileID: 9000000, guid: 1162192dcbcf3544eaef26cc8bf440d4, type: 3}
  m_Controller: {fileID: 9100000, guid: c3743bb87925edc4e9ed4a10fe140349, type: 2}
  m_CullingMode: 0
  m_UpdateMode: 0
  m_ApplyRootMotion: 0
  m_LinearVelocityBlending: 0
  m_WarningMessage: 
  m_HasTransformHierarchy: 1
  m_AllowConstantClipSamplingOptimization: 1
  m_KeepAnimatorControllerStateOnDisable: 0
--- !u!114 &114762735703128972
MonoBehaviour:
  m_ObjectHideFlags: 1
  m_CorrespondingSourceObject: {fileID: 0}
  m_PrefabInternal: {fileID: 100100000}
  m_GameObject: {fileID: 1115566312735248}
  m_Enabled: 1
  m_EditorHideFlags: 0
  m_Script: {fileID: 11500000, guid: 8498e0aa31c39d54f8d62e7a79cf5636, type: 3}
  m_Name: 
  m_EditorClassIdentifier: 
  _pivots:
  - bone: {fileID: 0}
    type: 0
  - bone: {fileID: 0}
    type: 1
  - bone: {fileID: 0}
    type: 2
  - bone: {fileID: 0}
    type: 3
  - bone: {fileID: 0}
    type: 4
  - bone: {fileID: 0}
    type: 5
  _samplePivPoints: {fileID: 0}
--- !u!137 &137135966698768522
SkinnedMeshRenderer:
  m_ObjectHideFlags: 1
  m_CorrespondingSourceObject: {fileID: 0}
  m_PrefabInternal: {fileID: 100100000}
  m_GameObject: {fileID: 1151465045661092}
  m_Enabled: 1
  m_CastShadows: 1
  m_ReceiveShadows: 1
  m_DynamicOccludee: 1
  m_MotionVectors: 1
  m_LightProbeUsage: 1
  m_ReflectionProbeUsage: 1
  m_RenderingLayerMask: 4294967295
  m_Materials:
  - {fileID: 2100000, guid: 8e49c9d4a376bf944989a2a20d22dd28, type: 2}
  m_StaticBatchInfo:
    firstSubMesh: 0
    subMeshCount: 0
  m_StaticBatchRoot: {fileID: 0}
  m_ProbeAnchor: {fileID: 0}
  m_LightProbeVolumeOverride: {fileID: 0}
  m_ScaleInLightmap: 1
  m_PreserveUVs: 0
  m_IgnoreNormalsForChartDetection: 0
  m_ImportantGI: 0
  m_StitchLightmapSeams: 0
  m_SelectedEditorRenderState: 3
  m_MinimumChartSize: 4
  m_AutoUVMaxDistance: 0.5
  m_AutoUVMaxAngle: 89
  m_LightmapParameters: {fileID: 0}
  m_SortingLayerID: 0
  m_SortingLayer: 0
  m_SortingOrder: 0
  serializedVersion: 2
  m_Quality: 0
  m_UpdateWhenOffscreen: 0
  m_SkinnedMotionVectors: 1
  m_Mesh: {fileID: 4300040, guid: 1162192dcbcf3544eaef26cc8bf440d4, type: 3}
  m_Bones:
  - {fileID: 4435839303734240}
  - {fileID: 4624771134466002}
  - {fileID: 4945562878251634}
  - {fileID: 4752470422076836}
  m_BlendShapeWeights: []
  m_RootBone: {fileID: 0}
  m_AABB:
    m_Center: {x: 0.1571592, y: -0.6471703, z: 1.0996176}
    m_Extent: {x: 0.38718557, y: 1.202106, z: 1.071833}
  m_DirtyAABB: 0
--- !u!137 &137925356991985132
SkinnedMeshRenderer:
  m_ObjectHideFlags: 1
  m_CorrespondingSourceObject: {fileID: 0}
  m_PrefabInternal: {fileID: 100100000}
  m_GameObject: {fileID: 1303294403122632}
  m_Enabled: 1
  m_CastShadows: 1
  m_ReceiveShadows: 1
  m_DynamicOccludee: 1
  m_MotionVectors: 1
  m_LightProbeUsage: 1
  m_ReflectionProbeUsage: 1
  m_RenderingLayerMask: 4294967295
  m_Materials:
  - {fileID: 2100000, guid: 8e49c9d4a376bf944989a2a20d22dd28, type: 2}
  m_StaticBatchInfo:
    firstSubMesh: 0
    subMeshCount: 0
  m_StaticBatchRoot: {fileID: 0}
  m_ProbeAnchor: {fileID: 0}
  m_LightProbeVolumeOverride: {fileID: 0}
  m_ScaleInLightmap: 1
  m_PreserveUVs: 0
  m_IgnoreNormalsForChartDetection: 0
  m_ImportantGI: 0
  m_StitchLightmapSeams: 0
  m_SelectedEditorRenderState: 3
  m_MinimumChartSize: 4
  m_AutoUVMaxDistance: 0.5
  m_AutoUVMaxAngle: 89
  m_LightmapParameters: {fileID: 0}
  m_SortingLayerID: 0
  m_SortingLayer: 0
  m_SortingOrder: 0
  serializedVersion: 2
  m_Quality: 0
  m_UpdateWhenOffscreen: 0
  m_SkinnedMotionVectors: 1
  m_Mesh: {fileID: 4300034, guid: 1162192dcbcf3544eaef26cc8bf440d4, type: 3}
  m_Bones:
  - {fileID: 4786709281206268}
  - {fileID: 4799265265309352}
  - {fileID: 4718643864281464}
  - {fileID: 4555498218267904}
  - {fileID: 4428010845570058}
  - {fileID: 4365298953593256}
  - {fileID: 4491760910207508}
  - {fileID: 4137923740628416}
  - {fileID: 4889746368176668}
  - {fileID: 4632666347365006}
  - {fileID: 4037780733665352}
  - {fileID: 4488045462130928}
  - {fileID: 4125605199171956}
  - {fileID: 4441257045128716}
  - {fileID: 4813392986567846}
  - {fileID: 4022020328113566}
  - {fileID: 4721419761489090}
  - {fileID: 4407800706613396}
  - {fileID: 4820789914941692}
  - {fileID: 4702652143816160}
  - {fileID: 4963232360361102}
  - {fileID: 4100262229555748}
  - {fileID: 4990231866967940}
  - {fileID: 4439410920781348}
  - {fileID: 4110326140421276}
  - {fileID: 4364351745431562}
  - {fileID: 4518407418153692}
  - {fileID: 4094671768653186}
  - {fileID: 4652774340912560}
  - {fileID: 4274483196339770}
  - {fileID: 4896085909068102}
  - {fileID: 4491047193923626}
  - {fileID: 4457115049486212}
  - {fileID: 4675414466555170}
  - {fileID: 4853491175997404}
  - {fileID: 4435839303734240}
  - {fileID: 4232330412373120}
  - {fileID: 4892851545062564}
  - {fileID: 4636390519361062}
  - {fileID: 4797701939398658}
  - {fileID: 4910440909648000}
  - {fileID: 4770532363400518}
  - {fileID: 4725515586884990}
  - {fileID: 4253401876714164}
  - {fileID: 4649033326956240}
  - {fileID: 4665577501886612}
  - {fileID: 4111856613080380}
  - {fileID: 4861885805849682}
  - {fileID: 4740627613493872}
  - {fileID: 4127146826414306}
  - {fileID: 4135435824495422}
  - {fileID: 4472273830779182}
  - {fileID: 4301349175667752}
  - {fileID: 4596836937331336}
  - {fileID: 4593459564854382}
  m_BlendShapeWeights: []
  m_RootBone: {fileID: 0}
  m_AABB:
    m_Center: {x: -0.004248917, y: -0.6630416, z: 1.0079353}
    m_Extent: {x: 0.8960367, y: 1.2353808, z: 1.1816173}
  m_DirtyAABB: 0
