%YAML 1.1
%TAG !u! tag:unity3d.com,2011:
--- !u!1001 &100100000
Prefab:
  m_ObjectHideFlags: 1
  serializedVersion: 2
  m_Modification:
    m_TransformParent: {fileID: 0}
    m_Modifications: []
    m_RemovedComponents: []
  m_ParentPrefab: {fileID: 0}
  m_RootGameObject: {fileID: 1518129584143224}
  m_IsPrefabParent: 1
--- !u!1 &1008152660833176
GameObject:
  m_ObjectHideFlags: 1
  m_PrefabParentObject: {fileID: 0}
  m_PrefabInternal: {fileID: 100100000}
  serializedVersion: 5
  m_Component:
  - component: {fileID: 4999497993436942}
  m_Layer: 0
  m_Name: BarbarianPelvis
  m_TagString: Untagged
  m_Icon: {fileID: 0}
  m_NavMeshLayer: 0
  m_StaticEditorFlags: 0
  m_IsActive: 1
--- !u!1 &1018250380165318
GameObject:
  m_ObjectHideFlags: 1
  m_PrefabParentObject: {fileID: 0}
  m_PrefabInternal: {fileID: 100100000}
  serializedVersion: 5
  m_Component:
  - component: {fileID: 4230629252262784}
  m_Layer: 0
  m_Name: BarbarianLDigit12
  m_TagString: Untagged
  m_Icon: {fileID: 0}
  m_NavMeshLayer: 0
  m_StaticEditorFlags: 0
  m_IsActive: 1
--- !u!1 &1030550310904104
GameObject:
  m_ObjectHideFlags: 1
  m_PrefabParentObject: {fileID: 0}
  m_PrefabInternal: {fileID: 100100000}
  serializedVersion: 5
  m_Component:
  - component: {fileID: 4807035074189598}
  m_Layer: 0
  m_Name: BarbarianRibcage
  m_TagString: Untagged
  m_Icon: {fileID: 0}
  m_NavMeshLayer: 0
  m_StaticEditorFlags: 0
  m_IsActive: 1
--- !u!1 &1047887653907976
GameObject:
  m_ObjectHideFlags: 1
  m_PrefabParentObject: {fileID: 0}
  m_PrefabInternal: {fileID: 100100000}
  serializedVersion: 5
  m_Component:
  - component: {fileID: 4968927432665480}
  m_Layer: 0
  m_Name: BarbarianRThigh
  m_TagString: Untagged
  m_Icon: {fileID: 0}
  m_NavMeshLayer: 0
  m_StaticEditorFlags: 0
  m_IsActive: 1
--- !u!1 &1060373106843186
GameObject:
  m_ObjectHideFlags: 1
  m_PrefabParentObject: {fileID: 0}
  m_PrefabInternal: {fileID: 100100000}
  serializedVersion: 5
  m_Component:
  - component: {fileID: 4090262618061628}
  m_Layer: 0
  m_Name: BarbarianLPalm
  m_TagString: Untagged
  m_Icon: {fileID: 0}
  m_NavMeshLayer: 0
  m_StaticEditorFlags: 0
  m_IsActive: 1
--- !u!1 &1066525661552540
GameObject:
  m_ObjectHideFlags: 1
  m_PrefabParentObject: {fileID: 0}
  m_PrefabInternal: {fileID: 100100000}
  serializedVersion: 5
  m_Component:
  - component: {fileID: 4385656181888516}
  m_Layer: 0
  m_Name: BarbarianSpine1
  m_TagString: Untagged
  m_Icon: {fileID: 0}
  m_NavMeshLayer: 0
  m_StaticEditorFlags: 0
  m_IsActive: 1
--- !u!1 &1070557983053050
GameObject:
  m_ObjectHideFlags: 1
  m_PrefabParentObject: {fileID: 0}
  m_PrefabInternal: {fileID: 100100000}
  serializedVersion: 5
  m_Component:
  - component: {fileID: 4645390515979304}
  m_Layer: 0
  m_Name: Barbariancloth_front
  m_TagString: Untagged
  m_Icon: {fileID: 0}
  m_NavMeshLayer: 0
  m_StaticEditorFlags: 0
  m_IsActive: 1
--- !u!1 &1075857868129228
GameObject:
  m_ObjectHideFlags: 1
  m_PrefabParentObject: {fileID: 0}
  m_PrefabInternal: {fileID: 100100000}
  serializedVersion: 5
  m_Component:
  - component: {fileID: 4500449996763254}
  m_Layer: 0
  m_Name: BarbarianNeck
  m_TagString: Untagged
  m_Icon: {fileID: 0}
  m_NavMeshLayer: 0
  m_StaticEditorFlags: 0
  m_IsActive: 1
--- !u!1 &1128360574726564
GameObject:
  m_ObjectHideFlags: 1
  m_PrefabParentObject: {fileID: 0}
  m_PrefabInternal: {fileID: 100100000}
  serializedVersion: 5
  m_Component:
  - component: {fileID: 4525460135319132}
  m_Layer: 0
  m_Name: model
  m_TagString: Untagged
  m_Icon: {fileID: 0}
  m_NavMeshLayer: 0
  m_StaticEditorFlags: 0
  m_IsActive: 1
--- !u!1 &1150723935173024
GameObject:
  m_ObjectHideFlags: 1
  m_PrefabParentObject: {fileID: 0}
  m_PrefabInternal: {fileID: 100100000}
  serializedVersion: 5
  m_Component:
  - component: {fileID: 4049255448051228}
  - component: {fileID: 33526066811476266}
  - component: {fileID: 23531510326146506}
  m_Layer: 0
  m_Name: barbarian_shield
  m_TagString: Untagged
  m_Icon: {fileID: 0}
  m_NavMeshLayer: 0
  m_StaticEditorFlags: 0
  m_IsActive: 1
--- !u!1 &1155217062557690
GameObject:
  m_ObjectHideFlags: 1
  m_PrefabParentObject: {fileID: 0}
  m_PrefabInternal: {fileID: 100100000}
  serializedVersion: 5
  m_Component:
  - component: {fileID: 4165287981762890}
  m_Layer: 0
  m_Name: BarbarianRFoot
  m_TagString: Untagged
  m_Icon: {fileID: 0}
  m_NavMeshLayer: 0
  m_StaticEditorFlags: 0
  m_IsActive: 1
--- !u!1 &1160794216636022
GameObject:
  m_ObjectHideFlags: 1
  m_PrefabParentObject: {fileID: 0}
  m_PrefabInternal: {fileID: 100100000}
  serializedVersion: 5
  m_Component:
  - component: {fileID: 4011165182261044}
  - component: {fileID: 33702035079138560}
  - component: {fileID: 23471478314093356}
  m_Layer: 0
  m_Name: barbarian_axe_02
  m_TagString: Untagged
  m_Icon: {fileID: 0}
  m_NavMeshLayer: 0
  m_StaticEditorFlags: 0
  m_IsActive: 1
--- !u!1 &1175892055909184
GameObject:
  m_ObjectHideFlags: 1
  m_PrefabParentObject: {fileID: 0}
  m_PrefabInternal: {fileID: 100100000}
  serializedVersion: 5
  m_Component:
  - component: {fileID: 4103830012837230}
  m_Layer: 0
  m_Name: BarbarianRDigit11
  m_TagString: Untagged
  m_Icon: {fileID: 0}
  m_NavMeshLayer: 0
  m_StaticEditorFlags: 0
  m_IsActive: 1
--- !u!1 &1179321958824936
GameObject:
  m_ObjectHideFlags: 1
  m_PrefabParentObject: {fileID: 0}
  m_PrefabInternal: {fileID: 100100000}
  serializedVersion: 5
  m_Component:
  - component: {fileID: 4974510867289300}
  m_Layer: 0
  m_Name: BarbarianRPalm
  m_TagString: Untagged
  m_Icon: {fileID: 0}
  m_NavMeshLayer: 0
  m_StaticEditorFlags: 0
  m_IsActive: 1
--- !u!1 &1225916507453886
GameObject:
  m_ObjectHideFlags: 1
  m_PrefabParentObject: {fileID: 0}
  m_PrefabInternal: {fileID: 100100000}
  serializedVersion: 5
  m_Component:
  - component: {fileID: 4397187496447126}
  m_Layer: 0
  m_Name: BarbarianLDigit13
  m_TagString: Untagged
  m_Icon: {fileID: 0}
  m_NavMeshLayer: 0
  m_StaticEditorFlags: 0
  m_IsActive: 1
--- !u!1 &1272415180835578
GameObject:
  m_ObjectHideFlags: 0
  m_PrefabParentObject: {fileID: 0}
  m_PrefabInternal: {fileID: 100100000}
  serializedVersion: 5
  m_Component:
  - component: {fileID: 4184391322848386}
  m_Layer: 0
  m_Name: model
  m_TagString: Untagged
  m_Icon: {fileID: 0}
  m_NavMeshLayer: 0
  m_StaticEditorFlags: 0
  m_IsActive: 1
--- !u!1 &1283848660692770
GameObject:
  m_ObjectHideFlags: 1
  m_PrefabParentObject: {fileID: 0}
  m_PrefabInternal: {fileID: 100100000}
  serializedVersion: 5
  m_Component:
  - component: {fileID: 4836476950679746}
  m_Layer: 0
  m_Name: BarbarianRDigit31
  m_TagString: Untagged
  m_Icon: {fileID: 0}
  m_NavMeshLayer: 0
  m_StaticEditorFlags: 0
  m_IsActive: 1
--- !u!1 &1313145676850812
GameObject:
  m_ObjectHideFlags: 1
  m_PrefabParentObject: {fileID: 0}
  m_PrefabInternal: {fileID: 100100000}
  serializedVersion: 5
  m_Component:
  - component: {fileID: 4632505781333878}
  m_Layer: 0
  m_Name: BarbarianRCollarbone
  m_TagString: Untagged
  m_Icon: {fileID: 0}
  m_NavMeshLayer: 0
  m_StaticEditorFlags: 0
  m_IsActive: 1
--- !u!1 &1320358749034370
GameObject:
  m_ObjectHideFlags: 1
  m_PrefabParentObject: {fileID: 0}
  m_PrefabInternal: {fileID: 100100000}
  serializedVersion: 5
  m_Component:
  - component: {fileID: 4884687644607806}
  m_Layer: 0
  m_Name: BarbarianLThigh
  m_TagString: Untagged
  m_Icon: {fileID: 0}
  m_NavMeshLayer: 0
  m_StaticEditorFlags: 0
  m_IsActive: 1
--- !u!1 &1326491134619418
GameObject:
  m_ObjectHideFlags: 1
  m_PrefabParentObject: {fileID: 0}
  m_PrefabInternal: {fileID: 100100000}
  serializedVersion: 5
  m_Component:
  - component: {fileID: 4760667963873962}
  m_Layer: 0
  m_Name: BarbarianRDigit11 1
  m_TagString: Untagged
  m_Icon: {fileID: 0}
  m_NavMeshLayer: 0
  m_StaticEditorFlags: 0
  m_IsActive: 1
--- !u!1 &1338300199696476
GameObject:
  m_ObjectHideFlags: 1
  m_PrefabParentObject: {fileID: 0}
  m_PrefabInternal: {fileID: 100100000}
  serializedVersion: 5
  m_Component:
  - component: {fileID: 4726781916518392}
  m_Layer: 0
  m_Name: BarbarianLDigit31
  m_TagString: Untagged
  m_Icon: {fileID: 0}
  m_NavMeshLayer: 0
  m_StaticEditorFlags: 0
  m_IsActive: 1
--- !u!1 &1355393997600142
GameObject:
  m_ObjectHideFlags: 1
  m_PrefabParentObject: {fileID: 0}
  m_PrefabInternal: {fileID: 100100000}
  serializedVersion: 5
  m_Component:
  - component: {fileID: 4274382554546756}
  m_Layer: 0
  m_Name: BarbarianRDigit21
  m_TagString: Untagged
  m_Icon: {fileID: 0}
  m_NavMeshLayer: 0
  m_StaticEditorFlags: 0
  m_IsActive: 1
--- !u!1 &1365934869080046
GameObject:
  m_ObjectHideFlags: 1
  m_PrefabParentObject: {fileID: 0}
  m_PrefabInternal: {fileID: 100100000}
  serializedVersion: 5
  m_Component:
  - component: {fileID: 4141826563202826}
  m_Layer: 0
  m_Name: BarbarianRUpperarm
  m_TagString: Untagged
  m_Icon: {fileID: 0}
  m_NavMeshLayer: 0
  m_StaticEditorFlags: 0
  m_IsActive: 1
--- !u!1 &1387906841289322
GameObject:
  m_ObjectHideFlags: 1
  m_PrefabParentObject: {fileID: 0}
  m_PrefabInternal: {fileID: 100100000}
  serializedVersion: 5
  m_Component:
  - component: {fileID: 4437081755885292}
  m_Layer: 0
  m_Name: BarbarianLForearm
  m_TagString: Untagged
  m_Icon: {fileID: 0}
  m_NavMeshLayer: 0
  m_StaticEditorFlags: 0
  m_IsActive: 1
--- !u!1 &1415727929299150
GameObject:
  m_ObjectHideFlags: 1
  m_PrefabParentObject: {fileID: 0}
  m_PrefabInternal: {fileID: 100100000}
  serializedVersion: 5
  m_Component:
  - component: {fileID: 4758366901778262}
  m_Layer: 0
  m_Name: BarbarianLCollarbone
  m_TagString: Untagged
  m_Icon: {fileID: 0}
  m_NavMeshLayer: 0
  m_StaticEditorFlags: 0
  m_IsActive: 1
--- !u!1 &1439148559189600
GameObject:
  m_ObjectHideFlags: 1
  m_PrefabParentObject: {fileID: 0}
  m_PrefabInternal: {fileID: 100100000}
  serializedVersion: 5
  m_Component:
  - component: {fileID: 4161360915756150}
  - component: {fileID: 33442960571900518}
  - component: {fileID: 23392194940981006}
  m_Layer: 0
  m_Name: barbarian_belt
  m_TagString: Untagged
  m_Icon: {fileID: 0}
  m_NavMeshLayer: 0
  m_StaticEditorFlags: 0
  m_IsActive: 1
--- !u!1 &1442011397729102
GameObject:
  m_ObjectHideFlags: 1
  m_PrefabParentObject: {fileID: 0}
  m_PrefabInternal: {fileID: 100100000}
  serializedVersion: 5
  m_Component:
  - component: {fileID: 4580662115549698}
  m_Layer: 0
  m_Name: bon_gob_war_jaw
  m_TagString: Untagged
  m_Icon: {fileID: 0}
  m_NavMeshLayer: 0
  m_StaticEditorFlags: 0
  m_IsActive: 1
--- !u!1 &1453744650758926
GameObject:
  m_ObjectHideFlags: 1
  m_PrefabParentObject: {fileID: 0}
  m_PrefabInternal: {fileID: 100100000}
  serializedVersion: 5
  m_Component:
  - component: {fileID: 4121025744269616}
  m_Layer: 0
  m_Name: BarbarianLDigit11
  m_TagString: Untagged
  m_Icon: {fileID: 0}
  m_NavMeshLayer: 0
  m_StaticEditorFlags: 0
  m_IsActive: 1
--- !u!1 &1474507841237428
GameObject:
  m_ObjectHideFlags: 1
  m_PrefabParentObject: {fileID: 0}
  m_PrefabInternal: {fileID: 100100000}
  serializedVersion: 5
  m_Component:
  - component: {fileID: 4146587723801554}
  m_Layer: 0
  m_Name: BarbarianRDigit33
  m_TagString: Untagged
  m_Icon: {fileID: 0}
  m_NavMeshLayer: 0
  m_StaticEditorFlags: 0
  m_IsActive: 1
--- !u!1 &1494469535312376
GameObject:
  m_ObjectHideFlags: 1
  m_PrefabParentObject: {fileID: 0}
  m_PrefabInternal: {fileID: 100100000}
  serializedVersion: 5
  m_Component:
  - component: {fileID: 4859534285717958}
  m_Layer: 0
  m_Name: BarbarianRDigit13
  m_TagString: Untagged
  m_Icon: {fileID: 0}
  m_NavMeshLayer: 0
  m_StaticEditorFlags: 0
  m_IsActive: 1
--- !u!1 &1518129584143224
GameObject:
  m_ObjectHideFlags: 0
  m_PrefabParentObject: {fileID: 0}
  m_PrefabInternal: {fileID: 100100000}
  serializedVersion: 5
  m_Component:
  - component: {fileID: 4082393466439686}
  - component: {fileID: 114751630284340276}
  - component: {fileID: 114710671761390366}
  m_Layer: 0
  m_Name: barbarian_01
  m_TagString: Untagged
  m_Icon: {fileID: 0}
  m_NavMeshLayer: 0
  m_StaticEditorFlags: 0
  m_IsActive: 1
--- !u!1 &1525402631847700
GameObject:
  m_ObjectHideFlags: 1
  m_PrefabParentObject: {fileID: 0}
  m_PrefabInternal: {fileID: 100100000}
  serializedVersion: 5
  m_Component:
  - component: {fileID: 4233362375665308}
  - component: {fileID: 137922635029077770}
  m_Layer: 0
  m_Name: barbarian_hair_01
  m_TagString: Untagged
  m_Icon: {fileID: 0}
  m_NavMeshLayer: 0
  m_StaticEditorFlags: 0
  m_IsActive: 1
--- !u!1 &1578321695335652
GameObject:
  m_ObjectHideFlags: 1
  m_PrefabParentObject: {fileID: 0}
  m_PrefabInternal: {fileID: 100100000}
  serializedVersion: 5
  m_Component:
  - component: {fileID: 4840272503738930}
  m_Layer: 0
  m_Name: BarbarianLDigit33
  m_TagString: Untagged
  m_Icon: {fileID: 0}
  m_NavMeshLayer: 0
  m_StaticEditorFlags: 0
  m_IsActive: 1
--- !u!1 &1590470249192958
GameObject:
  m_ObjectHideFlags: 1
  m_PrefabParentObject: {fileID: 0}
  m_PrefabInternal: {fileID: 100100000}
  serializedVersion: 5
  m_Component:
  - component: {fileID: 4156855024256090}
  m_Layer: 0
  m_Name: BarbarianLDigit21
  m_TagString: Untagged
  m_Icon: {fileID: 0}
  m_NavMeshLayer: 0
  m_StaticEditorFlags: 0
  m_IsActive: 1
--- !u!1 &1638632878906610
GameObject:
  m_ObjectHideFlags: 1
  m_PrefabParentObject: {fileID: 0}
  m_PrefabInternal: {fileID: 100100000}
  serializedVersion: 5
  m_Component:
  - component: {fileID: 4881888726547236}
  m_Layer: 0
  m_Name: BarbarianLDigit32
  m_TagString: Untagged
  m_Icon: {fileID: 0}
  m_NavMeshLayer: 0
  m_StaticEditorFlags: 0
  m_IsActive: 1
--- !u!1 &1665743403175522
GameObject:
  m_ObjectHideFlags: 1
  m_PrefabParentObject: {fileID: 0}
  m_PrefabInternal: {fileID: 100100000}
  serializedVersion: 5
  m_Component:
  - component: {fileID: 4764875976454794}
  - component: {fileID: 137927558623484348}
  m_Layer: 0
  m_Name: barbarian_boot_01
  m_TagString: Untagged
  m_Icon: {fileID: 0}
  m_NavMeshLayer: 0
  m_StaticEditorFlags: 0
  m_IsActive: 1
--- !u!1 &1678867188401496
GameObject:
  m_ObjectHideFlags: 1
  m_PrefabParentObject: {fileID: 0}
  m_PrefabInternal: {fileID: 100100000}
  serializedVersion: 5
  m_Component:
  - component: {fileID: 4389775164090206}
  m_Layer: 0
  m_Name: BarbarianHead
  m_TagString: Untagged
  m_Icon: {fileID: 0}
  m_NavMeshLayer: 0
  m_StaticEditorFlags: 0
  m_IsActive: 1
--- !u!1 &1683483545052912
GameObject:
  m_ObjectHideFlags: 1
  m_PrefabParentObject: {fileID: 0}
  m_PrefabInternal: {fileID: 100100000}
  serializedVersion: 5
  m_Component:
  - component: {fileID: 4403096322152698}
  m_Layer: 0
  m_Name: BarbarianSpine2
  m_TagString: Untagged
  m_Icon: {fileID: 0}
  m_NavMeshLayer: 0
  m_StaticEditorFlags: 0
  m_IsActive: 1
--- !u!1 &1714604561980996
GameObject:
  m_ObjectHideFlags: 1
  m_PrefabParentObject: {fileID: 0}
  m_PrefabInternal: {fileID: 100100000}
  serializedVersion: 5
  m_Component:
  - component: {fileID: 4539511110288866}
  - component: {fileID: 137433127217791306}
  m_Layer: 0
  m_Name: barbarian
  m_TagString: Untagged
  m_Icon: {fileID: 0}
  m_NavMeshLayer: 0
  m_StaticEditorFlags: 0
  m_IsActive: 1
--- !u!1 &1714772097596572
GameObject:
  m_ObjectHideFlags: 1
  m_PrefabParentObject: {fileID: 0}
  m_PrefabInternal: {fileID: 100100000}
  serializedVersion: 5
  m_Component:
  - component: {fileID: 4895781752485288}
  m_Layer: 0
  m_Name: BarbarianRDigit12
  m_TagString: Untagged
  m_Icon: {fileID: 0}
  m_NavMeshLayer: 0
  m_StaticEditorFlags: 0
  m_IsActive: 1
--- !u!1 &1768901574139830
GameObject:
  m_ObjectHideFlags: 1
  m_PrefabParentObject: {fileID: 0}
  m_PrefabInternal: {fileID: 100100000}
  serializedVersion: 5
  m_Component:
  - component: {fileID: 4448585745749322}
  m_Layer: 0
  m_Name: BarbarianLDigit23
  m_TagString: Untagged
  m_Icon: {fileID: 0}
  m_NavMeshLayer: 0
  m_StaticEditorFlags: 0
  m_IsActive: 1
--- !u!1 &1782165122672678
GameObject:
  m_ObjectHideFlags: 1
  m_PrefabParentObject: {fileID: 0}
  m_PrefabInternal: {fileID: 100100000}
  serializedVersion: 5
  m_Component:
  - component: {fileID: 4015985882672536}
  m_Layer: 0
  m_Name: Barbariancloth_back
  m_TagString: Untagged
  m_Icon: {fileID: 0}
  m_NavMeshLayer: 0
  m_StaticEditorFlags: 0
  m_IsActive: 1
--- !u!1 &1823757465748090
GameObject:
  m_ObjectHideFlags: 1
  m_PrefabParentObject: {fileID: 0}
  m_PrefabInternal: {fileID: 100100000}
  serializedVersion: 5
  m_Component:
  - component: {fileID: 4286046461689146}
  m_Layer: 0
  m_Name: BarbarianRForearm
  m_TagString: Untagged
  m_Icon: {fileID: 0}
  m_NavMeshLayer: 0
  m_StaticEditorFlags: 0
  m_IsActive: 1
--- !u!1 &1833687300393716
GameObject:
  m_ObjectHideFlags: 1
  m_PrefabParentObject: {fileID: 0}
  m_PrefabInternal: {fileID: 100100000}
  serializedVersion: 5
  m_Component:
  - component: {fileID: 4788775375779940}
  m_Layer: 0
  m_Name: BarbarianLCalf
  m_TagString: Untagged
  m_Icon: {fileID: 0}
  m_NavMeshLayer: 0
  m_StaticEditorFlags: 0
  m_IsActive: 1
--- !u!1 &1893300022828226
GameObject:
  m_ObjectHideFlags: 1
  m_PrefabParentObject: {fileID: 0}
  m_PrefabInternal: {fileID: 100100000}
  serializedVersion: 5
  m_Component:
  - component: {fileID: 4726021468493626}
  m_Layer: 0
  m_Name: BarbarianLDigit11 1
  m_TagString: Untagged
  m_Icon: {fileID: 0}
  m_NavMeshLayer: 0
  m_StaticEditorFlags: 0
  m_IsActive: 1
--- !u!1 &1906995632469630
GameObject:
  m_ObjectHideFlags: 1
  m_PrefabParentObject: {fileID: 0}
  m_PrefabInternal: {fileID: 100100000}
  serializedVersion: 5
  m_Component:
  - component: {fileID: 4859490869443366}
  m_Layer: 0
  m_Name: bon_gob_war_face
  m_TagString: Untagged
  m_Icon: {fileID: 0}
  m_NavMeshLayer: 0
  m_StaticEditorFlags: 0
  m_IsActive: 1
--- !u!1 &1917480514909656
GameObject:
  m_ObjectHideFlags: 1
  m_PrefabParentObject: {fileID: 0}
  m_PrefabInternal: {fileID: 100100000}
  serializedVersion: 5
  m_Component:
  - component: {fileID: 4542098555305416}
  m_Layer: 0
  m_Name: BarbarianRDigit23
  m_TagString: Untagged
  m_Icon: {fileID: 0}
  m_NavMeshLayer: 0
  m_StaticEditorFlags: 0
  m_IsActive: 1
--- !u!1 &1918744176173788
GameObject:
  m_ObjectHideFlags: 1
  m_PrefabParentObject: {fileID: 0}
  m_PrefabInternal: {fileID: 100100000}
  serializedVersion: 5
  m_Component:
  - component: {fileID: 4438550256303960}
  m_Layer: 0
  m_Name: BarbarianRDigit32
  m_TagString: Untagged
  m_Icon: {fileID: 0}
  m_NavMeshLayer: 0
  m_StaticEditorFlags: 0
  m_IsActive: 1
--- !u!1 &1927353513511996
GameObject:
  m_ObjectHideFlags: 1
  m_PrefabParentObject: {fileID: 0}
  m_PrefabInternal: {fileID: 100100000}
  serializedVersion: 5
  m_Component:
  - component: {fileID: 4351710412304594}
  m_Layer: 0
  m_Name: BarbarianLDigit22
  m_TagString: Untagged
  m_Icon: {fileID: 0}
  m_NavMeshLayer: 0
  m_StaticEditorFlags: 0
  m_IsActive: 1
--- !u!1 &1931435947191218
GameObject:
  m_ObjectHideFlags: 1
  m_PrefabParentObject: {fileID: 0}
  m_PrefabInternal: {fileID: 100100000}
  serializedVersion: 5
  m_Component:
  - component: {fileID: 4290189003048834}
  m_Layer: 0
  m_Name: Barbarian_weaponL
  m_TagString: Untagged
  m_Icon: {fileID: 0}
  m_NavMeshLayer: 0
  m_StaticEditorFlags: 0
  m_IsActive: 1
--- !u!1 &1966466748766454
GameObject:
  m_ObjectHideFlags: 1
  m_PrefabParentObject: {fileID: 0}
  m_PrefabInternal: {fileID: 100100000}
  serializedVersion: 5
  m_Component:
  - component: {fileID: 4731573389751696}
  m_Layer: 0
  m_Name: BarbarianRDigit22
  m_TagString: Untagged
  m_Icon: {fileID: 0}
  m_NavMeshLayer: 0
  m_StaticEditorFlags: 0
  m_IsActive: 1
--- !u!1 &1967692144175238
GameObject:
  m_ObjectHideFlags: 1
  m_PrefabParentObject: {fileID: 0}
  m_PrefabInternal: {fileID: 100100000}
  serializedVersion: 5
  m_Component:
  - component: {fileID: 4680159899205578}
  m_Layer: 0
  m_Name: BarbarianSpine3
  m_TagString: Untagged
  m_Icon: {fileID: 0}
  m_NavMeshLayer: 0
  m_StaticEditorFlags: 0
  m_IsActive: 1
--- !u!1 &1986216676699616
GameObject:
  m_ObjectHideFlags: 1
  m_PrefabParentObject: {fileID: 0}
  m_PrefabInternal: {fileID: 100100000}
  serializedVersion: 5
  m_Component:
  - component: {fileID: 4554024406271274}
  m_Layer: 0
  m_Name: BarbarianRCalf
  m_TagString: Untagged
  m_Icon: {fileID: 0}
  m_NavMeshLayer: 0
  m_StaticEditorFlags: 0
  m_IsActive: 1
--- !u!1 &1987619121949194
GameObject:
  m_ObjectHideFlags: 1
  m_PrefabParentObject: {fileID: 0}
  m_PrefabInternal: {fileID: 100100000}
  serializedVersion: 5
  m_Component:
  - component: {fileID: 4809518214676196}
  m_Layer: 0
  m_Name: BarbarianLUpperarm
  m_TagString: Untagged
  m_Icon: {fileID: 0}
  m_NavMeshLayer: 0
  m_StaticEditorFlags: 0
  m_IsActive: 1
--- !u!1 &1994439952135910
GameObject:
  m_ObjectHideFlags: 1
  m_PrefabParentObject: {fileID: 0}
  m_PrefabInternal: {fileID: 100100000}
  serializedVersion: 5
  m_Component:
  - component: {fileID: 4749628180164836}
  m_Layer: 0
  m_Name: BarbarianLFoot
  m_TagString: Untagged
  m_Icon: {fileID: 0}
  m_NavMeshLayer: 0
  m_StaticEditorFlags: 0
  m_IsActive: 1
--- !u!1 &1997086897387026
GameObject:
  m_ObjectHideFlags: 1
  m_PrefabParentObject: {fileID: 0}
  m_PrefabInternal: {fileID: 100100000}
  serializedVersion: 5
  m_Component:
  - component: {fileID: 4323190396390130}
  m_Layer: 0
  m_Name: Barbarian_weaponR
  m_TagString: Untagged
  m_Icon: {fileID: 0}
  m_NavMeshLayer: 0
  m_StaticEditorFlags: 0
  m_IsActive: 1
--- !u!4 &4011165182261044
Transform:
  m_ObjectHideFlags: 1
  m_PrefabParentObject: {fileID: 0}
  m_PrefabInternal: {fileID: 100100000}
  m_GameObject: {fileID: 1160794216636022}
  m_LocalRotation: {x: -0.00000003911555, y: 0.000000040978193, z: 0.000000044703484,
    w: 1}
  m_LocalPosition: {x: 0.000000076293944, y: 0, z: 0}
  m_LocalScale: {x: 1, y: 1, z: 0.99999994}
  m_Children: []
  m_Father: {fileID: 4323190396390130}
  m_RootOrder: 0
  m_LocalEulerAnglesHint: {x: 0, y: 0, z: 0}
--- !u!4 &4015985882672536
Transform:
  m_ObjectHideFlags: 1
  m_PrefabParentObject: {fileID: 0}
  m_PrefabInternal: {fileID: 100100000}
  m_GameObject: {fileID: 1782165122672678}
  m_LocalRotation: {x: 0.00035021827, y: -0.102681704, z: 0.99465764, w: 0.01060854}
  m_LocalPosition: {x: -0.0000843811, y: -0.024130039, z: -0.0024909913}
  m_LocalScale: {x: 0.9999999, y: 0.9999998, z: 0.9999999}
  m_Children: []
  m_Father: {fileID: 4999497993436942}
  m_RootOrder: 1
  m_LocalEulerAnglesHint: {x: 0, y: 0, z: 0}
--- !u!4 &4049255448051228
Transform:
  m_ObjectHideFlags: 1
  m_PrefabParentObject: {fileID: 0}
  m_PrefabInternal: {fileID: 100100000}
  m_GameObject: {fileID: 1150723935173024}
  m_LocalRotation: {x: 0.011710558, y: 0.0569647, z: -0.201026, w: 0.9778581}
  m_LocalPosition: {x: 0.035086975, y: -0.053378522, z: 0.01084034}
  m_LocalScale: {x: 0.9999995, y: 1.0000007, z: 0.99999994}
  m_Children: []
  m_Father: {fileID: 4290189003048834}
  m_RootOrder: 0
  m_LocalEulerAnglesHint: {x: 0, y: 0, z: 0}
--- !u!4 &4082393466439686
Transform:
  m_ObjectHideFlags: 1
  m_PrefabParentObject: {fileID: 0}
  m_PrefabInternal: {fileID: 100100000}
  m_GameObject: {fileID: 1518129584143224}
  m_LocalRotation: {x: 0, y: 0, z: 0, w: 1}
  m_LocalPosition: {x: 9.515121, y: -0.106, z: 2.9702682}
  m_LocalScale: {x: 1, y: 1, z: 1}
  m_Children:
  - {fileID: 4184391322848386}
  m_Father: {fileID: 0}
  m_RootOrder: 0
  m_LocalEulerAnglesHint: {x: 0, y: 0, z: 0}
--- !u!4 &4090262618061628
Transform:
  m_ObjectHideFlags: 1
  m_PrefabParentObject: {fileID: 0}
  m_PrefabInternal: {fileID: 100100000}
  m_GameObject: {fileID: 1060373106843186}
  m_LocalRotation: {x: 0.90451926, y: -0.0221295, z: -0.040664226, w: -0.42391232}
  m_LocalPosition: {x: -0.23329048, y: 0, z: 0}
  m_LocalScale: {x: 1.0000001, y: 1.0000001, z: 1.0000001}
  m_Children:
  - {fileID: 4290189003048834}
  - {fileID: 4726021468493626}
  - {fileID: 4156855024256090}
  - {fileID: 4726781916518392}
  m_Father: {fileID: 4437081755885292}
  m_RootOrder: 0
  m_LocalEulerAnglesHint: {x: 0, y: 0, z: 0}
--- !u!4 &4103830012837230
Transform:
  m_ObjectHideFlags: 1
  m_PrefabParentObject: {fileID: 0}
  m_PrefabInternal: {fileID: 100100000}
  m_GameObject: {fileID: 1175892055909184}
  m_LocalRotation: {x: -0.06972578, y: 0.021796416, z: -0.04807504, w: 0.9961687}
  m_LocalPosition: {x: -0.2275378, y: 0.015741223, z: -0.000002555847}
  m_LocalScale: {x: 1.0000002, y: 1.0000002, z: 1.0000002}
  m_Children: []
  m_Father: {fileID: 4165287981762890}
  m_RootOrder: 0
  m_LocalEulerAnglesHint: {x: 0, y: 0, z: 0}
--- !u!4 &4121025744269616
Transform:
  m_ObjectHideFlags: 1
  m_PrefabParentObject: {fileID: 0}
  m_PrefabInternal: {fileID: 100100000}
  m_GameObject: {fileID: 1453744650758926}
  m_LocalRotation: {x: 0.01108524, y: 0.0693527, z: -0.07179086, w: 0.9949439}
  m_LocalPosition: {x: -0.22753777, y: 0.015741223, z: 0.0000025177}
  m_LocalScale: {x: 0.9999999, y: 1, z: 1}
  m_Children: []
  m_Father: {fileID: 4749628180164836}
  m_RootOrder: 0
  m_LocalEulerAnglesHint: {x: 0, y: 0, z: 0}
--- !u!4 &4141826563202826
Transform:
  m_ObjectHideFlags: 1
  m_PrefabParentObject: {fileID: 0}
  m_PrefabInternal: {fileID: 100100000}
  m_GameObject: {fileID: 1365934869080046}
  m_LocalRotation: {x: -0.15882823, y: -0.48157558, z: -0.13792023, w: 0.85078585}
  m_LocalPosition: {x: -0.17591047, y: 0, z: 0}
  m_LocalScale: {x: 1, y: 0.99999964, z: 0.9999999}
  m_Children:
  - {fileID: 4286046461689146}
  m_Father: {fileID: 4632505781333878}
  m_RootOrder: 0
  m_LocalEulerAnglesHint: {x: 0, y: 0, z: 0}
--- !u!4 &4146587723801554
Transform:
  m_ObjectHideFlags: 1
  m_PrefabParentObject: {fileID: 0}
  m_PrefabInternal: {fileID: 100100000}
  m_GameObject: {fileID: 1474507841237428}
  m_LocalRotation: {x: -0.0004872961, y: 0.006673485, z: 0.6981542, w: 0.71591616}
  m_LocalPosition: {x: -0.034945298, y: -0.000000076293944, z: 0}
  m_LocalScale: {x: 0.99999994, y: 1.0000001, z: 1}
  m_Children: []
  m_Father: {fileID: 4438550256303960}
  m_RootOrder: 0
  m_LocalEulerAnglesHint: {x: 0, y: 0, z: 0}
--- !u!4 &4156855024256090
Transform:
  m_ObjectHideFlags: 1
  m_PrefabParentObject: {fileID: 0}
  m_PrefabInternal: {fileID: 100100000}
  m_GameObject: {fileID: 1590470249192958}
  m_LocalRotation: {x: 0.035698645, y: 0.027294291, z: 0.5898503, w: 0.8062613}
  m_LocalPosition: {x: -0.15162948, y: 0.0001348114, z: 0.04483467}
  m_LocalScale: {x: 0.99999976, y: 0.99999994, z: 0.9999997}
  m_Children:
  - {fileID: 4351710412304594}
  m_Father: {fileID: 4090262618061628}
  m_RootOrder: 2
  m_LocalEulerAnglesHint: {x: 0, y: 0, z: 0}
--- !u!4 &4161360915756150
Transform:
  m_ObjectHideFlags: 1
  m_PrefabParentObject: {fileID: 0}
  m_PrefabInternal: {fileID: 100100000}
  m_GameObject: {fileID: 1439148559189600}
  m_LocalRotation: {x: 0.6824752, y: -0.26677173, z: -0.6346471, w: 0.24552712}
  m_LocalPosition: {x: 0.9415956, y: 0.10965517, z: 0.00000009059906}
  m_LocalScale: {x: 0.2938558, y: 0.29385585, z: 0.29385582}
  m_Children: []
  m_Father: {fileID: 4999497993436942}
  m_RootOrder: 0
  m_LocalEulerAnglesHint: {x: 0, y: 0, z: 0}
--- !u!4 &4165287981762890
Transform:
  m_ObjectHideFlags: 1
  m_PrefabParentObject: {fileID: 0}
  m_PrefabInternal: {fileID: 100100000}
  m_GameObject: {fileID: 1155217062557690}
  m_LocalRotation: {x: 0.06839755, y: -0.08455993, z: -0.8275766, w: 0.5507163}
  m_LocalPosition: {x: -0.48137057, y: -0.000000019073486, z: 0}
  m_LocalScale: {x: 1, y: 0.9999998, z: 1}
  m_Children:
  - {fileID: 4103830012837230}
  m_Father: {fileID: 4554024406271274}
  m_RootOrder: 0
  m_LocalEulerAnglesHint: {x: 0, y: 0, z: 0}
--- !u!4 &4184391322848386
Transform:
  m_ObjectHideFlags: 1
  m_PrefabParentObject: {fileID: 0}
  m_PrefabInternal: {fileID: 100100000}
  m_GameObject: {fileID: 1272415180835578}
  m_LocalRotation: {x: -0, y: -0, z: -0, w: 1}
  m_LocalPosition: {x: 0, y: 0, z: 0}
  m_LocalScale: {x: 1, y: 1, z: 1}
  m_Children:
  - {fileID: 4539511110288866}
  - {fileID: 4764875976454794}
  - {fileID: 4233362375665308}
  - {fileID: 4999497993436942}
  - {fileID: 4525460135319132}
  m_Father: {fileID: 4082393466439686}
  m_RootOrder: 0
  m_LocalEulerAnglesHint: {x: 0, y: 0, z: 0}
--- !u!4 &4230629252262784
Transform:
  m_ObjectHideFlags: 1
  m_PrefabParentObject: {fileID: 0}
  m_PrefabInternal: {fileID: 100100000}
  m_GameObject: {fileID: 1018250380165318}
  m_LocalRotation: {x: -0.011272206, y: 0.017309457, z: 0.20824054, w: 0.9778595}
  m_LocalPosition: {x: -0.064945295, y: 0, z: 0.000000038146972}
  m_LocalScale: {x: 1.0000001, y: 1.0000001, z: 1}
  m_Children:
  - {fileID: 4397187496447126}
  m_Father: {fileID: 4726021468493626}
  m_RootOrder: 0
  m_LocalEulerAnglesHint: {x: 0, y: 0, z: 0}
--- !u!4 &4233362375665308
Transform:
  m_ObjectHideFlags: 1
  m_PrefabParentObject: {fileID: 0}
  m_PrefabInternal: {fileID: 100100000}
  m_GameObject: {fileID: 1525402631847700}
  m_LocalRotation: {x: -0.7071068, y: 0, z: 0, w: 0.7071068}
  m_LocalPosition: {x: 0, y: 0, z: 0}
  m_LocalScale: {x: 1, y: 1, z: 1}
  m_Children: []
  m_Father: {fileID: 4184391322848386}
  m_RootOrder: 2
  m_LocalEulerAnglesHint: {x: 0, y: 0, z: 0}
--- !u!4 &4274382554546756
Transform:
  m_ObjectHideFlags: 1
  m_PrefabParentObject: {fileID: 0}
  m_PrefabInternal: {fileID: 100100000}
  m_GameObject: {fileID: 1355393997600142}
  m_LocalRotation: {x: -0.033148084, y: -0.027965784, z: 0.5446796, w: 0.8375221}
  m_LocalPosition: {x: -0.15162948, y: 0.0001347351, z: -0.04483467}
  m_LocalScale: {x: 1, y: 0.99999976, z: 0.9999998}
  m_Children:
  - {fileID: 4731573389751696}
  m_Father: {fileID: 4974510867289300}
  m_RootOrder: 2
  m_LocalEulerAnglesHint: {x: 0, y: 0, z: 0}
--- !u!4 &4286046461689146
Transform:
  m_ObjectHideFlags: 1
  m_PrefabParentObject: {fileID: 0}
  m_PrefabInternal: {fileID: 100100000}
  m_GameObject: {fileID: 1823757465748090}
  m_LocalRotation: {x: -0.074638054, y: -0.039253812, z: -0.32937297, w: 0.9404264}
  m_LocalPosition: {x: -0.30170563, y: -0.000000019073486, z: 0}
  m_LocalScale: {x: 1.0000001, y: 1.0000002, z: 1}
  m_Children:
  - {fileID: 4974510867289300}
  m_Father: {fileID: 4141826563202826}
  m_RootOrder: 0
  m_LocalEulerAnglesHint: {x: 0, y: 0, z: 0}
--- !u!4 &4290189003048834
Transform:
  m_ObjectHideFlags: 1
  m_PrefabParentObject: {fileID: 0}
  m_PrefabInternal: {fileID: 100100000}
  m_GameObject: {fileID: 1931435947191218}
  m_LocalRotation: {x: 0.0039815567, y: 0.99999183, z: -0.00070280966, w: -0.00009836012}
  m_LocalPosition: {x: -0.120936275, y: -0.04018108, z: 0.00018440247}
  m_LocalScale: {x: 1.0000011, y: 0.9999994, z: 1.0000004}
  m_Children:
  - {fileID: 4049255448051228}
  m_Father: {fileID: 4090262618061628}
  m_RootOrder: 0
  m_LocalEulerAnglesHint: {x: 0, y: 0, z: 0}
--- !u!4 &4323190396390130
Transform:
  m_ObjectHideFlags: 1
  m_PrefabParentObject: {fileID: 0}
  m_PrefabInternal: {fileID: 100100000}
  m_GameObject: {fileID: 1997086897387026}
  m_LocalRotation: {x: -0.035206366, y: 0.13262078, z: 0.008917225, w: 0.9905013}
  m_LocalPosition: {x: -0.11324867, y: -0.02919464, z: 0.0027325249}
  m_LocalScale: {x: 1.0000006, y: 0.9999999, z: 1.0000001}
  m_Children:
  - {fileID: 4011165182261044}
  m_Father: {fileID: 4974510867289300}
  m_RootOrder: 0
  m_LocalEulerAnglesHint: {x: 0, y: 0, z: 0}
--- !u!4 &4351710412304594
Transform:
  m_ObjectHideFlags: 1
  m_PrefabParentObject: {fileID: 0}
  m_PrefabInternal: {fileID: 100100000}
  m_GameObject: {fileID: 1927353513511996}
  m_LocalRotation: {x: 0.000000045840476, y: -0.00000002899553, z: 0.66575116, w: 0.74617386}
  m_LocalPosition: {x: -0.05466751, y: -0.000000076293944, z: -0.000000038146972}
  m_LocalScale: {x: 1.0000001, y: 1.0000002, z: 1.0000001}
  m_Children:
  - {fileID: 4448585745749322}
  m_Father: {fileID: 4156855024256090}
  m_RootOrder: 0
  m_LocalEulerAnglesHint: {x: 0, y: 0, z: 0}
--- !u!4 &4385656181888516
Transform:
  m_ObjectHideFlags: 1
  m_PrefabParentObject: {fileID: 0}
  m_PrefabInternal: {fileID: 100100000}
  m_GameObject: {fileID: 1066525661552540}
  m_LocalRotation: {x: -0.004705028, y: -0.00062049774, z: -0.15463679, w: 0.98796}
  m_LocalPosition: {x: -0.069777146, y: -0.005338688, z: -0.000000011920928}
  m_LocalScale: {x: 1, y: 1, z: 0.99999994}
  m_Children:
  - {fileID: 4403096322152698}
  m_Father: {fileID: 4999497993436942}
  m_RootOrder: 5
  m_LocalEulerAnglesHint: {x: 0, y: 0, z: 0}
--- !u!4 &4389775164090206
Transform:
  m_ObjectHideFlags: 1
  m_PrefabParentObject: {fileID: 0}
  m_PrefabInternal: {fileID: 100100000}
  m_GameObject: {fileID: 1678867188401496}
  m_LocalRotation: {x: 0.021491034, y: -0.0068899547, z: 0.12952246, w: 0.99131966}
  m_LocalPosition: {x: -0.114150845, y: 0.000000038146972, z: 0}
  m_LocalScale: {x: 1.0000005, y: 1.0000001, z: 1.0000006}
  m_Children:
  - {fileID: 4859490869443366}
  - {fileID: 4580662115549698}
  m_Father: {fileID: 4500449996763254}
  m_RootOrder: 0
  m_LocalEulerAnglesHint: {x: 0, y: 0, z: 0}
--- !u!4 &4397187496447126
Transform:
  m_ObjectHideFlags: 1
  m_PrefabParentObject: {fileID: 0}
  m_PrefabInternal: {fileID: 100100000}
  m_GameObject: {fileID: 1225916507453886}
  m_LocalRotation: {x: -0.000000015985613, y: -0.0000000046921156, z: 0.68101656,
    w: 0.73226804}
  m_LocalPosition: {x: -0.042855605, y: 0, z: 0}
  m_LocalScale: {x: 0.99999994, y: 0.99999994, z: 1}
  m_Children: []
  m_Father: {fileID: 4230629252262784}
  m_RootOrder: 0
  m_LocalEulerAnglesHint: {x: 0, y: 0, z: 0}
--- !u!4 &4403096322152698
Transform:
  m_ObjectHideFlags: 1
  m_PrefabParentObject: {fileID: 0}
  m_PrefabInternal: {fileID: 100100000}
  m_GameObject: {fileID: 1683483545052912}
  m_LocalRotation: {x: -0.023367431, y: -0.0058750804, z: 0.0868101, w: 0.9959335}
  m_LocalPosition: {x: -0.20473236, y: 0, z: 0.0000000023841857}
  m_LocalScale: {x: 0.99999994, y: 1.0000005, z: 0.9999991}
  m_Children:
  - {fileID: 4680159899205578}
  m_Father: {fileID: 4385656181888516}
  m_RootOrder: 0
  m_LocalEulerAnglesHint: {x: 0, y: 0, z: 0}
--- !u!4 &4437081755885292
Transform:
  m_ObjectHideFlags: 1
  m_PrefabParentObject: {fileID: 0}
  m_PrefabInternal: {fileID: 100100000}
  m_GameObject: {fileID: 1387906841289322}
  m_LocalRotation: {x: 0.07864254, y: 0.030446572, z: -0.21949176, w: 0.9719628}
  m_LocalPosition: {x: -0.30170563, y: 0.000000038146972, z: 0}
  m_LocalScale: {x: 0.9999998, y: 0.9999999, z: 1}
  m_Children:
  - {fileID: 4090262618061628}
  m_Father: {fileID: 4809518214676196}
  m_RootOrder: 0
  m_LocalEulerAnglesHint: {x: 0, y: 0, z: 0}
--- !u!4 &4438550256303960
Transform:
  m_ObjectHideFlags: 1
  m_PrefabParentObject: {fileID: 0}
  m_PrefabInternal: {fileID: 100100000}
  m_GameObject: {fileID: 1918744176173788}
  m_LocalRotation: {x: 0.002308574, y: 0.0009446042, z: 0.30070665, w: 0.9537134}
  m_LocalPosition: {x: -0.05277626, y: 0, z: -0.000000019073486}
  m_LocalScale: {x: 1.0000001, y: 1.0000001, z: 1}
  m_Children:
  - {fileID: 4146587723801554}
  m_Father: {fileID: 4836476950679746}
  m_RootOrder: 0
  m_LocalEulerAnglesHint: {x: 0, y: 0, z: 0}
--- !u!4 &4448585745749322
Transform:
  m_ObjectHideFlags: 1
  m_PrefabParentObject: {fileID: 0}
  m_PrefabInternal: {fileID: 100100000}
  m_GameObject: {fileID: 1768901574139830}
  m_LocalRotation: {x: 0.000000009274512, y: 0.000000041113758, z: 0.5341738, w: 0.84537476}
  m_LocalPosition: {x: -0.04285549, y: 0, z: 0}
  m_LocalScale: {x: 0.9999998, y: 0.99999994, z: 0.9999999}
  m_Children: []
  m_Father: {fileID: 4351710412304594}
  m_RootOrder: 0
  m_LocalEulerAnglesHint: {x: 0, y: 0, z: 0}
--- !u!4 &4500449996763254
Transform:
  m_ObjectHideFlags: 1
  m_PrefabParentObject: {fileID: 0}
  m_PrefabInternal: {fileID: 100100000}
  m_GameObject: {fileID: 1075857868129228}
  m_LocalRotation: {x: 0.02143905, y: -0.004594089, z: 0.06957498, w: 0.99733573}
  m_LocalPosition: {x: -0.02102066, y: 0.051550977, z: -0.000000019669532}
  m_LocalScale: {x: 1.0000005, y: 0.99999994, z: 1.0000006}
  m_Children:
  - {fileID: 4389775164090206}
  m_Father: {fileID: 4807035074189598}
  m_RootOrder: 1
  m_LocalEulerAnglesHint: {x: 0, y: 0, z: 0}
--- !u!4 &4525460135319132
Transform:
  m_ObjectHideFlags: 1
  m_PrefabParentObject: {fileID: 0}
  m_PrefabInternal: {fileID: 100100000}
  m_GameObject: {fileID: 1128360574726564}
  m_LocalRotation: {x: 0, y: 0, z: 0, w: 1}
  m_LocalPosition: {x: 0, y: 0, z: 0}
  m_LocalScale: {x: 1, y: 1, z: 1}
  m_Children: []
  m_Father: {fileID: 4184391322848386}
  m_RootOrder: 4
  m_LocalEulerAnglesHint: {x: 0, y: 0, z: 0}
--- !u!4 &4539511110288866
Transform:
  m_ObjectHideFlags: 1
  m_PrefabParentObject: {fileID: 0}
  m_PrefabInternal: {fileID: 100100000}
  m_GameObject: {fileID: 1714604561980996}
  m_LocalRotation: {x: -0.7071068, y: 0, z: 0, w: 0.7071068}
  m_LocalPosition: {x: 0, y: 0, z: 0}
  m_LocalScale: {x: 1, y: 1, z: 1}
  m_Children: []
  m_Father: {fileID: 4184391322848386}
  m_RootOrder: 0
  m_LocalEulerAnglesHint: {x: 0, y: 0, z: 0}
--- !u!4 &4542098555305416
Transform:
  m_ObjectHideFlags: 1
  m_PrefabParentObject: {fileID: 0}
  m_PrefabInternal: {fileID: 100100000}
  m_GameObject: {fileID: 1917480514909656}
  m_LocalRotation: {x: -0.00000001509489, y: 0.000000007049825, z: 0.6211584, w: 0.783685}
  m_LocalPosition: {x: -0.042855527, y: -0.000000076293944, z: 0}
  m_LocalScale: {x: 1, y: 0.99999994, z: 0.9999999}
  m_Children: []
  m_Father: {fileID: 4731573389751696}
  m_RootOrder: 0
  m_LocalEulerAnglesHint: {x: 0, y: 0, z: 0}
--- !u!4 &4554024406271274
Transform:
  m_ObjectHideFlags: 1
  m_PrefabParentObject: {fileID: 0}
  m_PrefabInternal: {fileID: 100100000}
  m_GameObject: {fileID: 1986216676699616}
  m_LocalRotation: {x: -0.0052091083, y: 0.013453294, z: 0.3824699, w: 0.92385536}
  m_LocalPosition: {x: -0.45403066, y: 0.000000057220458, z: -0.000000038146972}
  m_LocalScale: {x: 1.0000001, y: 0.9999999, z: 0.9999999}
  m_Children:
  - {fileID: 4165287981762890}
  m_Father: {fileID: 4968927432665480}
  m_RootOrder: 0
  m_LocalEulerAnglesHint: {x: 0, y: 0, z: 0}
--- !u!4 &4580662115549698
Transform:
  m_ObjectHideFlags: 1
  m_PrefabParentObject: {fileID: 0}
  m_PrefabInternal: {fileID: 100100000}
  m_GameObject: {fileID: 1442011397729102}
  m_LocalRotation: {x: -0.5308849, y: 0.84744394, z: -0.00000073179234, w: 0.00000025457393}
  m_LocalPosition: {x: -0.010716857, y: 0.049715545, z: 0.0000011062622}
  m_LocalScale: {x: 0.9999997, y: 1.0000002, z: 0.99999994}
  m_Children: []
  m_Father: {fileID: 4389775164090206}
  m_RootOrder: 1
  m_LocalEulerAnglesHint: {x: 0, y: 0, z: 0}
--- !u!4 &4632505781333878
Transform:
  m_ObjectHideFlags: 1
  m_PrefabParentObject: {fileID: 0}
  m_PrefabInternal: {fileID: 100100000}
  m_GameObject: {fileID: 1313145676850812}
  m_LocalRotation: {x: -0.1057046, y: -0.70898366, z: 0.29875594, w: 0.6300108}
  m_LocalPosition: {x: 0.021011658, y: 0.1228675, z: -0.056143902}
  m_LocalScale: {x: 1.000001, y: 1.0000005, z: 1.0000008}
  m_Children:
  - {fileID: 4141826563202826}
  m_Father: {fileID: 4807035074189598}
  m_RootOrder: 2
  m_LocalEulerAnglesHint: {x: 0, y: 0, z: 0}
--- !u!4 &4645390515979304
Transform:
  m_ObjectHideFlags: 1
  m_PrefabParentObject: {fileID: 0}
  m_PrefabInternal: {fileID: 100100000}
  m_GameObject: {fileID: 1070557983053050}
  m_LocalRotation: {x: 0.014027994, y: 0.10790439, z: 0.99222386, w: -0.060428973}
  m_LocalPosition: {x: 0.00075874326, y: 0.21745735, z: 0.02006112}
  m_LocalScale: {x: 0.9999998, y: 0.9999999, z: 1}
  m_Children: []
  m_Father: {fileID: 4999497993436942}
  m_RootOrder: 2
  m_LocalEulerAnglesHint: {x: 0, y: 0, z: 0}
--- !u!4 &4680159899205578
Transform:
  m_ObjectHideFlags: 1
  m_PrefabParentObject: {fileID: 0}
  m_PrefabInternal: {fileID: 100100000}
  m_GameObject: {fileID: 1967692144175238}
  m_LocalRotation: {x: -0.022364294, y: 0.0006495334, z: -0.01129465, w: 0.9996859}
  m_LocalPosition: {x: -0.17440444, y: 0, z: 0.0000000011920929}
  m_LocalScale: {x: 0.9999995, y: 1, z: 0.9999992}
  m_Children:
  - {fileID: 4807035074189598}
  m_Father: {fileID: 4403096322152698}
  m_RootOrder: 0
  m_LocalEulerAnglesHint: {x: 0, y: 0, z: 0}
--- !u!4 &4726021468493626
Transform:
  m_ObjectHideFlags: 1
  m_PrefabParentObject: {fileID: 0}
  m_PrefabInternal: {fileID: 100100000}
  m_GameObject: {fileID: 1893300022828226}
  m_LocalRotation: {x: 0.57785773, y: 0.46874484, z: 0.18809247, w: 0.64107716}
  m_LocalPosition: {x: -0.03852409, y: 0.00095821376, z: 0.009483852}
  m_LocalScale: {x: 0.9999997, y: 0.9999997, z: 0.99999994}
  m_Children:
  - {fileID: 4230629252262784}
  m_Father: {fileID: 4090262618061628}
  m_RootOrder: 1
  m_LocalEulerAnglesHint: {x: 0, y: 0, z: 0}
--- !u!4 &4726781916518392
Transform:
  m_ObjectHideFlags: 1
  m_PrefabParentObject: {fileID: 0}
  m_PrefabInternal: {fileID: 100100000}
  m_GameObject: {fileID: 1338300199696476}
  m_LocalRotation: {x: -0.0073508183, y: -0.028307967, z: 0.63481677, w: 0.77210903}
  m_LocalPosition: {x: -0.15069099, y: 0.0063728713, z: 0.007006607}
  m_LocalScale: {x: 0.9999998, y: 1, z: 0.99999976}
  m_Children:
  - {fileID: 4881888726547236}
  m_Father: {fileID: 4090262618061628}
  m_RootOrder: 3
  m_LocalEulerAnglesHint: {x: 0, y: 0, z: 0}
--- !u!4 &4731573389751696
Transform:
  m_ObjectHideFlags: 1
  m_PrefabParentObject: {fileID: 0}
  m_PrefabInternal: {fileID: 100100000}
  m_GameObject: {fileID: 1966466748766454}
  m_LocalRotation: {x: -0.000000018688183, y: 0.000000043257337, z: 0.66653806, w: 0.745471}
  m_LocalPosition: {x: -0.05466751, y: 0, z: 0}
  m_LocalScale: {x: 1.0000002, y: 1.0000001, z: 1.0000002}
  m_Children:
  - {fileID: 4542098555305416}
  m_Father: {fileID: 4274382554546756}
  m_RootOrder: 0
  m_LocalEulerAnglesHint: {x: 0, y: 0, z: 0}
--- !u!4 &4749628180164836
Transform:
  m_ObjectHideFlags: 1
  m_PrefabParentObject: {fileID: 0}
  m_PrefabInternal: {fileID: 100100000}
  m_GameObject: {fileID: 1994439952135910}
  m_LocalRotation: {x: -0.08090801, y: 0.01946671, z: -0.774404, w: 0.6271949}
  m_LocalPosition: {x: -0.48137054, y: 0.0000000047683715, z: 0.000000009536743}
  m_LocalScale: {x: 1.0000002, y: 1.0000001, z: 1.0000002}
  m_Children:
  - {fileID: 4121025744269616}
  m_Father: {fileID: 4788775375779940}
  m_RootOrder: 0
  m_LocalEulerAnglesHint: {x: 0, y: 0, z: 0}
--- !u!4 &4758366901778262
Transform:
  m_ObjectHideFlags: 1
  m_PrefabParentObject: {fileID: 0}
  m_PrefabInternal: {fileID: 100100000}
  m_GameObject: {fileID: 1415727929299150}
  m_LocalRotation: {x: 0.11884106, y: 0.66546696, z: 0.33050737, w: 0.65863144}
  m_LocalPosition: {x: 0.021011658, y: 0.1228675, z: 0.056143902}
  m_LocalScale: {x: 1.0000007, y: 1.0000006, z: 1.0000008}
  m_Children:
  - {fileID: 4809518214676196}
  m_Father: {fileID: 4807035074189598}
  m_RootOrder: 0
  m_LocalEulerAnglesHint: {x: 0, y: 0, z: 0}
--- !u!4 &4760667963873962
Transform:
  m_ObjectHideFlags: 1
  m_PrefabParentObject: {fileID: 0}
  m_PrefabInternal: {fileID: 100100000}
  m_GameObject: {fileID: 1326491134619418}
  m_LocalRotation: {x: -0.6073308, y: -0.49196035, z: 0.04543284, w: 0.6221416}
  m_LocalPosition: {x: -0.038524244, y: 0.00095817563, z: -0.009483852}
  m_LocalScale: {x: 0.9999999, y: 0.9999999, z: 0.99999976}
  m_Children:
  - {fileID: 4895781752485288}
  m_Father: {fileID: 4974510867289300}
  m_RootOrder: 1
  m_LocalEulerAnglesHint: {x: 0, y: 0, z: 0}
--- !u!4 &4764875976454794
Transform:
  m_ObjectHideFlags: 1
  m_PrefabParentObject: {fileID: 0}
  m_PrefabInternal: {fileID: 100100000}
  m_GameObject: {fileID: 1665743403175522}
  m_LocalRotation: {x: -0.7071068, y: 0, z: 0, w: 0.7071068}
  m_LocalPosition: {x: 0, y: 0, z: 0}
  m_LocalScale: {x: 1, y: 1, z: 1}
  m_Children: []
  m_Father: {fileID: 4184391322848386}
  m_RootOrder: 1
  m_LocalEulerAnglesHint: {x: 0, y: 0, z: 0}
--- !u!4 &4788775375779940
Transform:
  m_ObjectHideFlags: 1
  m_PrefabParentObject: {fileID: 0}
  m_PrefabInternal: {fileID: 100100000}
  m_GameObject: {fileID: 1833687300393716}
  m_LocalRotation: {x: -0.047514297, y: -0.032123026, z: 0.42740485, w: 0.90223926}
  m_LocalPosition: {x: -0.45403072, y: 0.000000076293944, z: 0.000000047683713}
  m_LocalScale: {x: 1, y: 0.99999994, z: 1.0000001}
  m_Children:
  - {fileID: 4749628180164836}
  m_Father: {fileID: 4884687644607806}
  m_RootOrder: 0
  m_LocalEulerAnglesHint: {x: 0, y: 0, z: 0}
--- !u!4 &4807035074189598
Transform:
  m_ObjectHideFlags: 1
  m_PrefabParentObject: {fileID: 0}
  m_PrefabInternal: {fileID: 100100000}
  m_GameObject: {fileID: 1030550310904104}
  m_LocalRotation: {x: -0.0042581847, y: 0.0013665166, z: -0.11873548, w: 0.99291587}
  m_LocalPosition: {x: -0.18741973, y: 0, z: 0.0000000011920929}
  m_LocalScale: {x: 0.9999997, y: 0.9999998, z: 1.0000001}
  m_Children:
  - {fileID: 4758366901778262}
  - {fileID: 4500449996763254}
  - {fileID: 4632505781333878}
  m_Father: {fileID: 4680159899205578}
  m_RootOrder: 0
  m_LocalEulerAnglesHint: {x: 0, y: 0, z: 0}
--- !u!4 &4809518214676196
Transform:
  m_ObjectHideFlags: 1
  m_PrefabParentObject: {fileID: 0}
  m_PrefabInternal: {fileID: 100100000}
  m_GameObject: {fileID: 1987619121949194}
  m_LocalRotation: {x: 0.23998298, y: 0.53989506, z: -0.18472947, w: 0.785364}
  m_LocalPosition: {x: -0.17591049, y: 0, z: 0}
  m_LocalScale: {x: 1.0000001, y: 0.9999997, z: 0.99999994}
  m_Children:
  - {fileID: 4437081755885292}
  m_Father: {fileID: 4758366901778262}
  m_RootOrder: 0
  m_LocalEulerAnglesHint: {x: 0, y: 0, z: 0}
--- !u!4 &4836476950679746
Transform:
  m_ObjectHideFlags: 1
  m_PrefabParentObject: {fileID: 0}
  m_PrefabInternal: {fileID: 100100000}
  m_GameObject: {fileID: 1283848660692770}
  m_LocalRotation: {x: 0.007736253, y: 0.028262567, z: 0.6399392, w: 0.7678667}
  m_LocalPosition: {x: -0.15069091, y: 0.0063729095, z: -0.007006588}
  m_LocalScale: {x: 0.9999998, y: 0.99999976, z: 0.9999999}
  m_Children:
  - {fileID: 4438550256303960}
  m_Father: {fileID: 4974510867289300}
  m_RootOrder: 3
  m_LocalEulerAnglesHint: {x: 0, y: 0, z: 0}
--- !u!4 &4840272503738930
Transform:
  m_ObjectHideFlags: 1
  m_PrefabParentObject: {fileID: 0}
  m_PrefabInternal: {fileID: 100100000}
  m_GameObject: {fileID: 1578321695335652}
  m_LocalRotation: {x: 0.00045167434, y: -0.006675883, z: 0.6985943, w: 0.71548676}
  m_LocalPosition: {x: -0.034945317, y: 0, z: 0}
  m_LocalScale: {x: 1.0000001, y: 1, z: 1.0000001}
  m_Children: []
  m_Father: {fileID: 4881888726547236}
  m_RootOrder: 0
  m_LocalEulerAnglesHint: {x: 0, y: 0, z: 0}
--- !u!4 &4859490869443366
Transform:
  m_ObjectHideFlags: 1
  m_PrefabParentObject: {fileID: 0}
  m_PrefabInternal: {fileID: 100100000}
  m_GameObject: {fileID: 1906995632469630}
  m_LocalRotation: {x: -0.6736263, y: 0.73907214, z: -0.00000079568275, w: 0.0000004279926}
  m_LocalPosition: {x: -0.0974884, y: 0.028021373, z: 0.0000006532669}
  m_LocalScale: {x: 1.0000013, y: 1.0000006, z: 0.9999998}
  m_Children: []
  m_Father: {fileID: 4389775164090206}
  m_RootOrder: 0
  m_LocalEulerAnglesHint: {x: 0, y: 0, z: 0}
--- !u!4 &4859534285717958
Transform:
  m_ObjectHideFlags: 1
  m_PrefabParentObject: {fileID: 0}
  m_PrefabInternal: {fileID: 100100000}
  m_GameObject: {fileID: 1494469535312376}
  m_LocalRotation: {x: -0.000000044826592, y: 0.000000016325862, z: 0.31975603, w: 0.94749993}
  m_LocalPosition: {x: -0.042855527, y: -0.000000009536743, z: 0.000000019073486}
  m_LocalScale: {x: 0.9999999, y: 1, z: 1}
  m_Children: []
  m_Father: {fileID: 4895781752485288}
  m_RootOrder: 0
  m_LocalEulerAnglesHint: {x: 0, y: 0, z: 0}
--- !u!4 &4881888726547236
Transform:
  m_ObjectHideFlags: 1
  m_PrefabParentObject: {fileID: 0}
  m_PrefabInternal: {fileID: 100100000}
  m_GameObject: {fileID: 1638632878906610}
  m_LocalRotation: {x: -0.0020727778, y: -0.0013875547, z: 0.4906693, w: 0.8713423}
  m_LocalPosition: {x: -0.05277622, y: 0.000000038146972, z: 0}
  m_LocalScale: {x: 0.9999998, y: 0.9999999, z: 0.9999998}
  m_Children:
  - {fileID: 4840272503738930}
  m_Father: {fileID: 4726781916518392}
  m_RootOrder: 0
  m_LocalEulerAnglesHint: {x: 0, y: 0, z: 0}
--- !u!4 &4884687644607806
Transform:
  m_ObjectHideFlags: 1
  m_PrefabParentObject: {fileID: 0}
  m_PrefabInternal: {fileID: 100100000}
  m_GameObject: {fileID: 1320358749034370}
  m_LocalRotation: {x: -0.2505126, y: 0.9595406, z: 0.11862788, w: 0.049524784}
  m_LocalPosition: {x: -0.026286086, y: 0.0716704, z: 0.094465785}
  m_LocalScale: {x: 0.9999997, y: 1.0000002, z: 0.99999934}
  m_Children:
  - {fileID: 4788775375779940}
  m_Father: {fileID: 4999497993436942}
  m_RootOrder: 3
  m_LocalEulerAnglesHint: {x: 0, y: 0, z: 0}
--- !u!4 &4895781752485288
Transform:
  m_ObjectHideFlags: 1
  m_PrefabParentObject: {fileID: 0}
  m_PrefabInternal: {fileID: 100100000}
  m_GameObject: {fileID: 1714772097596572}
  m_LocalRotation: {x: -0.0074442388, y: -0.14427662, z: 0.4882896, w: 0.8606405}
  m_LocalPosition: {x: -0.06494526, y: 0, z: 0.000000038146972}
  m_LocalScale: {x: 1.0000001, y: 1.0000001, z: 1.0000001}
  m_Children:
  - {fileID: 4859534285717958}
  m_Father: {fileID: 4760667963873962}
  m_RootOrder: 0
  m_LocalEulerAnglesHint: {x: 0, y: 0, z: 0}
--- !u!4 &4968927432665480
Transform:
  m_ObjectHideFlags: 1
  m_PrefabParentObject: {fileID: 0}
  m_PrefabInternal: {fileID: 100100000}
  m_GameObject: {fileID: 1047887653907976}
  m_LocalRotation: {x: -0.14489877, y: 0.984763, z: -0.07404558, w: -0.061347075}
  m_LocalPosition: {x: -0.026286162, y: 0.071670406, z: -0.09446583}
  m_LocalScale: {x: 0.9999998, y: 1.0000001, z: 0.9999994}
  m_Children:
  - {fileID: 4554024406271274}
  m_Father: {fileID: 4999497993436942}
  m_RootOrder: 4
  m_LocalEulerAnglesHint: {x: 0, y: 0, z: 0}
--- !u!4 &4974510867289300
Transform:
  m_ObjectHideFlags: 1
  m_PrefabParentObject: {fileID: 0}
  m_PrefabInternal: {fileID: 100100000}
  m_GameObject: {fileID: 1179321958824936}
  m_LocalRotation: {x: 0.75342554, y: -0.027770843, z: 0.019489737, w: 0.65665734}
  m_LocalPosition: {x: -0.23329055, y: 0.000000019073486, z: 0}
  m_LocalScale: {x: 1.0000002, y: 1.0000001, z: 1.0000001}
  m_Children:
  - {fileID: 4323190396390130}
  - {fileID: 4760667963873962}
  - {fileID: 4274382554546756}
  - {fileID: 4836476950679746}
  m_Father: {fileID: 4286046461689146}
  m_RootOrder: 0
  m_LocalEulerAnglesHint: {x: 0, y: 0, z: 0}
--- !u!4 &4999497993436942
Transform:
  m_ObjectHideFlags: 1
  m_PrefabParentObject: {fileID: 0}
  m_PrefabInternal: {fileID: 100100000}
  m_GameObject: {fileID: 1008152660833176}
  m_LocalRotation: {x: 0.47263625, y: -0.47462848, z: -0.52431184, w: 0.5257755}
  m_LocalPosition: {x: -0.023079693, y: 0.8659327, z: -0.112937495}
  m_LocalScale: {x: 1, y: 1, z: 1}
  m_Children:
  - {fileID: 4161360915756150}
  - {fileID: 4015985882672536}
  - {fileID: 4645390515979304}
  - {fileID: 4884687644607806}
  - {fileID: 4968927432665480}
  - {fileID: 4385656181888516}
  m_Father: {fileID: 4184391322848386}
  m_RootOrder: 3
  m_LocalEulerAnglesHint: {x: 0, y: 0, z: 0}
--- !u!23 &23392194940981006
MeshRenderer:
  m_ObjectHideFlags: 1
  m_PrefabParentObject: {fileID: 0}
  m_PrefabInternal: {fileID: 100100000}
  m_GameObject: {fileID: 1439148559189600}
  m_Enabled: 1
  m_CastShadows: 1
  m_ReceiveShadows: 1
  m_DynamicOccludee: 1
  m_MotionVectors: 1
  m_LightProbeUsage: 0
  m_ReflectionProbeUsage: 1
  m_Materials:
  - {fileID: 2100000, guid: 479bed60f8e842e4eaeaeee19705c358, type: 2}
  m_StaticBatchInfo:
    firstSubMesh: 0
    subMeshCount: 0
  m_StaticBatchRoot: {fileID: 0}
  m_ProbeAnchor: {fileID: 0}
  m_LightProbeVolumeOverride: {fileID: 0}
  m_ScaleInLightmap: 1
  m_PreserveUVs: 0
  m_IgnoreNormalsForChartDetection: 0
  m_ImportantGI: 0
  m_StitchLightmapSeams: 0
  m_SelectedEditorRenderState: 3
  m_MinimumChartSize: 4
  m_AutoUVMaxDistance: 0.5
  m_AutoUVMaxAngle: 89
  m_LightmapParameters: {fileID: 0}
  m_SortingLayerID: 0
  m_SortingLayer: 0
  m_SortingOrder: 0
--- !u!23 &23471478314093356
MeshRenderer:
  m_ObjectHideFlags: 1
  m_PrefabParentObject: {fileID: 0}
  m_PrefabInternal: {fileID: 100100000}
  m_GameObject: {fileID: 1160794216636022}
  m_Enabled: 1
  m_CastShadows: 1
  m_ReceiveShadows: 1
  m_DynamicOccludee: 1
  m_MotionVectors: 1
  m_LightProbeUsage: 1
  m_ReflectionProbeUsage: 1
  m_Materials:
  - {fileID: 2100000, guid: af3b0bc408e3ec5499e2126f26c8ef3b, type: 2}
  m_StaticBatchInfo:
    firstSubMesh: 0
    subMeshCount: 0
  m_StaticBatchRoot: {fileID: 0}
  m_ProbeAnchor: {fileID: 0}
  m_LightProbeVolumeOverride: {fileID: 0}
  m_ScaleInLightmap: 1
  m_PreserveUVs: 0
  m_IgnoreNormalsForChartDetection: 0
  m_ImportantGI: 0
  m_StitchLightmapSeams: 0
  m_SelectedEditorRenderState: 3
  m_MinimumChartSize: 4
  m_AutoUVMaxDistance: 0.5
  m_AutoUVMaxAngle: 89
  m_LightmapParameters: {fileID: 0}
  m_SortingLayerID: 0
  m_SortingLayer: 0
  m_SortingOrder: 0
--- !u!23 &23531510326146506
MeshRenderer:
  m_ObjectHideFlags: 1
  m_PrefabParentObject: {fileID: 0}
  m_PrefabInternal: {fileID: 100100000}
  m_GameObject: {fileID: 1150723935173024}
  m_Enabled: 1
  m_CastShadows: 1
  m_ReceiveShadows: 1
  m_DynamicOccludee: 1
  m_MotionVectors: 1
  m_LightProbeUsage: 1
  m_ReflectionProbeUsage: 1
  m_Materials:
  - {fileID: 2100000, guid: 764508d8769e5f04c802d229b2754303, type: 2}
  m_StaticBatchInfo:
    firstSubMesh: 0
    subMeshCount: 0
  m_StaticBatchRoot: {fileID: 0}
  m_ProbeAnchor: {fileID: 0}
  m_LightProbeVolumeOverride: {fileID: 0}
  m_ScaleInLightmap: 1
  m_PreserveUVs: 0
  m_IgnoreNormalsForChartDetection: 0
  m_ImportantGI: 0
  m_StitchLightmapSeams: 0
  m_SelectedEditorRenderState: 3
  m_MinimumChartSize: 4
  m_AutoUVMaxDistance: 0.5
  m_AutoUVMaxAngle: 89
  m_LightmapParameters: {fileID: 0}
  m_SortingLayerID: 0
  m_SortingLayer: 0
  m_SortingOrder: 0
--- !u!33 &33442960571900518
MeshFilter:
  m_ObjectHideFlags: 1
  m_PrefabParentObject: {fileID: 0}
  m_PrefabInternal: {fileID: 100100000}
  m_GameObject: {fileID: 1439148559189600}
  m_Mesh: {fileID: 4300142, guid: 8b0cbfe1516f0354592374482e3a33b3, type: 3}
--- !u!33 &33526066811476266
MeshFilter:
  m_ObjectHideFlags: 1
  m_PrefabParentObject: {fileID: 0}
  m_PrefabInternal: {fileID: 100100000}
  m_GameObject: {fileID: 1150723935173024}
  m_Mesh: {fileID: 4300080, guid: 8b0cbfe1516f0354592374482e3a33b3, type: 3}
--- !u!33 &33702035079138560
MeshFilter:
  m_ObjectHideFlags: 1
  m_PrefabParentObject: {fileID: 0}
  m_PrefabInternal: {fileID: 100100000}
  m_GameObject: {fileID: 1160794216636022}
  m_Mesh: {fileID: 4300114, guid: 8b0cbfe1516f0354592374482e3a33b3, type: 3}
--- !u!114 &114710671761390366
MonoBehaviour:
  m_ObjectHideFlags: 1
  m_PrefabParentObject: {fileID: 0}
  m_PrefabInternal: {fileID: 100100000}
  m_GameObject: {fileID: 1518129584143224}
  m_Enabled: 1
  m_EditorHideFlags: 0
  m_Script: {fileID: 11500000, guid: 26d478fa6a1d8884197b91edc3de7587, type: 3}
  m_Name: 
  m_EditorClassIdentifier: 
--- !u!114 &114751630284340276
MonoBehaviour:
  m_ObjectHideFlags: 1
  m_PrefabParentObject: {fileID: 0}
  m_PrefabInternal: {fileID: 100100000}
  m_GameObject: {fileID: 1518129584143224}
  m_Enabled: 1
  m_EditorHideFlags: 0
  m_Script: {fileID: 11500000, guid: 5680e804c3eb8bb4aba9a6f7e084cbee, type: 3}
  m_Name: 
  m_EditorClassIdentifier: 
--- !u!137 &137433127217791306
SkinnedMeshRenderer:
  m_ObjectHideFlags: 1
  m_PrefabParentObject: {fileID: 0}
  m_PrefabInternal: {fileID: 100100000}
  m_GameObject: {fileID: 1714604561980996}
  m_Enabled: 1
  m_CastShadows: 1
  m_ReceiveShadows: 1
  m_DynamicOccludee: 1
  m_MotionVectors: 1
  m_LightProbeUsage: 1
  m_ReflectionProbeUsage: 1
  m_Materials:
  - {fileID: 2100000, guid: 479bed60f8e842e4eaeaeee19705c358, type: 2}
  m_StaticBatchInfo:
    firstSubMesh: 0
    subMeshCount: 0
  m_StaticBatchRoot: {fileID: 0}
  m_ProbeAnchor: {fileID: 0}
  m_LightProbeVolumeOverride: {fileID: 0}
  m_ScaleInLightmap: 1
  m_PreserveUVs: 0
  m_IgnoreNormalsForChartDetection: 0
  m_ImportantGI: 0
  m_StitchLightmapSeams: 0
  m_SelectedEditorRenderState: 3
  m_MinimumChartSize: 4
  m_AutoUVMaxDistance: 0.5
  m_AutoUVMaxAngle: 89
  m_LightmapParameters: {fileID: 0}
  m_SortingLayerID: 0
  m_SortingLayer: 0
  m_SortingOrder: 0
  serializedVersion: 2
  m_Quality: 0
  m_UpdateWhenOffscreen: 0
  m_SkinnedMotionVectors: 1
  m_Mesh: {fileID: 4300144, guid: 8b0cbfe1516f0354592374482e3a33b3, type: 3}
  m_Bones:
  - {fileID: 4999497993436942}
  - {fileID: 4968927432665480}
  - {fileID: 4884687644607806}
  - {fileID: 4807035074189598}
  - {fileID: 4809518214676196}
  - {fileID: 4385656181888516}
  - {fileID: 4788775375779940}
  - {fileID: 4758366901778262}
  - {fileID: 4437081755885292}
  - {fileID: 4090262618061628}
  - {fileID: 4403096322152698}
  - {fileID: 4389775164090206}
  - {fileID: 4680159899205578}
  - {fileID: 4500449996763254}
  - {fileID: 4859490869443366}
  - {fileID: 4580662115549698}
  - {fileID: 4397187496447126}
  - {fileID: 4323190396390130}
  - {fileID: 4726021468493626}
  - {fileID: 4230629252262784}
  - {fileID: 4448585745749322}
  - {fileID: 4840272503738930}
  - {fileID: 4156855024256090}
  - {fileID: 4351710412304594}
  - {fileID: 4726781916518392}
  - {fileID: 4881888726547236}
  - {fileID: 4554024406271274}
  - {fileID: 4141826563202826}
  - {fileID: 4286046461689146}
  - {fileID: 4974510867289300}
  - {fileID: 4632505781333878}
  - {fileID: 4859534285717958}
  - {fileID: 4760667963873962}
  - {fileID: 4895781752485288}
  - {fileID: 4836476950679746}
  - {fileID: 4731573389751696}
  - {fileID: 4542098555305416}
  - {fileID: 4146587723801554}
  - {fileID: 4274382554546756}
  - {fileID: 4438550256303960}
  - {fileID: 4749628180164836}
  - {fileID: 4121025744269616}
  - {fileID: 4165287981762890}
  - {fileID: 4103830012837230}
  m_BlendShapeWeights: []
  m_RootBone: {fileID: 0}
  m_AABB:
    m_Center: {x: -0.014185727, y: -0.0547477, z: 1.3135446}
    m_Extent: {x: 0.9906643, y: 1.8321843, z: 1.4783851}
  m_DirtyAABB: 0
--- !u!137 &137922635029077770
SkinnedMeshRenderer:
  m_ObjectHideFlags: 1
  m_PrefabParentObject: {fileID: 0}
  m_PrefabInternal: {fileID: 100100000}
  m_GameObject: {fileID: 1525402631847700}
  m_Enabled: 1
  m_CastShadows: 1
  m_ReceiveShadows: 1
  m_DynamicOccludee: 1
  m_MotionVectors: 1
  m_LightProbeUsage: 1
  m_ReflectionProbeUsage: 1
  m_Materials:
  - {fileID: 2100000, guid: 479bed60f8e842e4eaeaeee19705c358, type: 2}
  m_StaticBatchInfo:
    firstSubMesh: 0
    subMeshCount: 0
  m_StaticBatchRoot: {fileID: 0}
  m_ProbeAnchor: {fileID: 0}
  m_LightProbeVolumeOverride: {fileID: 0}
  m_ScaleInLightmap: 1
  m_PreserveUVs: 0
  m_IgnoreNormalsForChartDetection: 0
  m_ImportantGI: 0
  m_StitchLightmapSeams: 0
  m_SelectedEditorRenderState: 3
  m_MinimumChartSize: 4
  m_AutoUVMaxDistance: 0.5
  m_AutoUVMaxAngle: 89
  m_LightmapParameters: {fileID: 0}
  m_SortingLayerID: 0
  m_SortingLayer: 0
  m_SortingOrder: 0
  serializedVersion: 2
  m_Quality: 0
  m_UpdateWhenOffscreen: 0
  m_SkinnedMotionVectors: 1
  m_Mesh: {fileID: 4300146, guid: 8b0cbfe1516f0354592374482e3a33b3, type: 3}
  m_Bones:
  - {fileID: 4389775164090206}
  - {fileID: 4807035074189598}
  m_BlendShapeWeights: []
  m_RootBone: {fileID: 0}
  m_AABB:
    m_Center: {x: 0.080507755, y: -0.057971716, z: 1.36514}
    m_Extent: {x: 0.37358773, y: 1.8568578, z: 1.4462724}
  m_DirtyAABB: 0
--- !u!137 &137927558623484348
SkinnedMeshRenderer:
  m_ObjectHideFlags: 1
  m_PrefabParentObject: {fileID: 0}
  m_PrefabInternal: {fileID: 100100000}
  m_GameObject: {fileID: 1665743403175522}
  m_Enabled: 1
  m_CastShadows: 1
  m_ReceiveShadows: 1
  m_DynamicOccludee: 1
  m_MotionVectors: 1
  m_LightProbeUsage: 1
  m_ReflectionProbeUsage: 1
  m_Materials:
  - {fileID: 2100000, guid: 479bed60f8e842e4eaeaeee19705c358, type: 2}
  m_StaticBatchInfo:
    firstSubMesh: 0
    subMeshCount: 0
  m_StaticBatchRoot: {fileID: 0}
  m_ProbeAnchor: {fileID: 0}
  m_LightProbeVolumeOverride: {fileID: 0}
  m_ScaleInLightmap: 1
  m_PreserveUVs: 0
  m_IgnoreNormalsForChartDetection: 0
  m_ImportantGI: 0
  m_StitchLightmapSeams: 0
  m_SelectedEditorRenderState: 3
  m_MinimumChartSize: 4
  m_AutoUVMaxDistance: 0.5
  m_AutoUVMaxAngle: 89
  m_LightmapParameters: {fileID: 0}
  m_SortingLayerID: 0
  m_SortingLayer: 0
  m_SortingOrder: 0
  serializedVersion: 2
  m_Quality: 0
  m_UpdateWhenOffscreen: 0
  m_SkinnedMotionVectors: 1
  m_Mesh: {fileID: 4300152, guid: 8b0cbfe1516f0354592374482e3a33b3, type: 3}
  m_Bones:
  - {fileID: 4749628180164836}
  - {fileID: 4788775375779940}
  - {fileID: 4121025744269616}
  - {fileID: 4165287981762890}
  - {fileID: 4554024406271274}
  - {fileID: 4103830012837230}
  m_BlendShapeWeights: []
  m_RootBone: {fileID: 0}
  m_AABB:
    m_Center: {x: -0.036388427, y: -0.18780062, z: 0.7673367}
    m_Extent: {x: 0.42157993, y: 0.7303747, z: 0.8814727}
  m_DirtyAABB: 0
